@article{elpis,
  author       = {Ilias Azizi and
                  Karima Echihabi and
                  Themis Palpanas},
  title        = {Elpis: Graph-Based Similarity Search for Scalable Data Science},
  journal      = {{PVLDB}},
  volume       = {16},
  number       = {6},
  year         = {2023}
}

@inproceedings{DBLP:conf/edbt/Chatzigeorgakidis21,
	author    = {Georgios Chatzigeorgakidis and
	Dimitrios Skoutas and
	Kostas Patroumpas and
	Themis Palpanas and
	Spiros Athanasiou and
	Spiros Skiadopoulos},
	title     = {Twin Subsequence Search in Time Series},
	booktitle = {Proceedings of the 24th International Conference on Extending Database
	Technology, {EDBT} 2021, Nicosia, Cyprus, March 23 - 26, 2021},
	pages     = {475--480},
	year      = {2021}
}

@inproceedings{DBLP:conf/ssd/Chatzigeorgakidis19,
	author    = {Georgios Chatzigeorgakidis and
	Dimitrios Skoutas and
	Kostas Patroumpas and
	Themis Palpanas and
	Spiros Athanasiou and
	Spiros Skiadopoulos},
	title     = {Local Pair and Bundle Discovery over Co-Evolving Time Series},
	booktitle = {{SSTD}},
	year      = {2019}
}

@inproceedings{DBLP:conf/gis/Chatzigeorgakidis19,
	author    = {Georgios Chatzigeorgakidis and
	Dimitrios Skoutas and
	Kostas Patroumpas and
	Themis Palpanas and
	Spiros Athanasiou and
	Spiros Skiadopoulos},
	title     = {Local Similarity Search on Geolocated Time Series Using Hybrid Indexing},
	booktitle = {{SIGSPATIAL}},
	year      = {2019}
}

@article{DBLP:journals/kais/LevchenkoKYAMPS21,
	author    = {Oleksandra Levchenko and
	Boyan Kolev and
	Djamel Edine Yagoubi and
	Reza Akbarinia and
	Florent Masseglia and
	Themis Palpanas and
	Dennis E. Shasha and
	Patrick Valduriez},
	title     = {BestNeighbor: efficient evaluation of kNN queries on large time series
	databases},
	journal   = {Knowl. Inf. Syst.},
	volume    = {63},
	number    = {2},
	pages     = {349--378},
	year      = {2021}
}

@inproceedings{peng2021sing,
	title={{SING: Sequence Indexing Using GPUs}},
	author={Peng, Botao and Fatourou, Panagiota and Palpanas, Themis},
	booktitle={{Proceedings of the International Conference on Data Engineering (ICDE)}},
	year={2021}
}

@inproceedings{li2013bitweaving,
  title={BitWeaving: fast scans for main memory data processing},
  author={Li, Yinan and Patel, Jignesh M},
  booktitle={{ACM SIGMOD International Conference on Management of Data (SIGMOD)}},
  year={2013}
}

@inproceedings{pirk2014waste,
  title={Waste notâ€¦ Efficient co-processing of relational data},
  author={Pirk, Holger and Manegold, Stefan and Kersten, Martin},
  booktitle={{International Conference on Data Engineering (ICDE)}},
  year={2014},
}

@inproceedings{kim2010fast,
	title={FAST: fast architecture sensitive tree search on modern CPUs and GPUs},
	author={Kim, Changkyu and Chhugani, Jatin and Satish, Nadathur and Sedlar, Eric and Nguyen, Anthony D and Kaldewey, Tim and Lee, Victor W and Brandt, Scott A and Dubey, Pradeep},
	booktitle={{SIGMOD}},
	year={2010}
}

@inproceedings{sart2010accelerating,
	title={Accelerating dynamic time warping subsequence search with GPUs and FPGAs},
	author={Sart, Doruk and Mueen, Abdullah and Najjar, Walid and Keogh, Eamonn and Niennattrakul, Vit},
	booktitle={{ICDM}},
	year={2010}
}

@inproceedings{zeng2020gsi,
	title={Gsi: Gpu-friendly subgraph isomorphism},
	author={Zeng, Li and Zou, Lei and {\"O}zsu, M Tamer and Hu, Lin and Zhang, Fan},
	booktitle={ICDE},
	year={2020},
	organization={IEEE}
}
@inproceedings{guo2020gpu,
	title={GPU-Accelerated Subgraph Enumeration on Partitioned Graphs},
	author={Guo, Wentian and Li, Yuchen and Sha, Mo and He, Bingsheng and Xiao, Xiaokui and Tan, Kian-Lee},
	booktitle={SIGMOD},
	year={2020}
}

@inproceedings{DBLP:conf/icde/DoraiswamyVSF16,
	author    = {Harish Doraiswamy and
	Huy T. Vo and
	Cl{\'{a}}udio T. Silva and
	Juliana Freire},
	title     = {A GPU-based index to support interactive spatio-temporal queries over
	historical data},
	booktitle = {{ICDE}},
	year      = {2016}
}

@article{DBLP:journals/jcsc/Mittal14,
	author    = {Sparsh Mittal},
	title     = {A Survey of Techniques for Managing and Leveraging Caches in GPUs},
	journal   = {{JCSC}},
	volume    = {23},
	number    = {8},
	year      = {2014}
}

@misc{nvidiapascal,
	title = {{CUDA Toolkit Documentation, NVIDIA Pascal Architecture}},
	howpublished={\url{https://docs.nvidia.com/cuda/pascal-tuning-guide/index.html}},
	year=2020
}

@article{DBLP:journals/ijhpca/ClarkPG13,
	author    = {Michael A. Clark and
	P. C. La Plante and
	Lincoln J. Greenhill},
	title     = {Accelerating radio astronomy cross-correlation with graphics processing
	units},
	journal   = {{IJHPCA}},
	year      = {2013}
}

@inproceedings{gowanlock2019gpu,
	title={GPU-Accelerated Similarity Self-Join for Multi-Dimensional Data},
	author={Gowanlock, Michael and Karsin, Ben},
	booktitle={DaMoN},
	pages={1--9},
	year={2019}
}
@inproceedings{zimmerman2019matrix,
	title={Matrix Profile XIV: Scaling Time Series Motif Discovery with GPUs to Break a Quintillion Pairwise Comparisons a Day and Beyond},
	author={Zimmerman, Zachary and Kamgar, Kaveh and Senobari, Nader Shakibay and Crites, Brian and Funning, Gareth and Brisk, Philip and Keogh, Eamonn},
	booktitle={SoCC},
	pages={74--86},
	year={2019}
}
@inproceedings{DBLP:conf/icde/PanM12,
	author    = {Jia Pan and
	Dinesh Manocha},
	title     = {Bi-level Locality Sensitive Hashing for k-Nearest Neighbor Computation},
	booktitle = {IEEE ICDE},
	pages     = {378--389},
	year      = {2012}
}

@inproceedings{DBLP:conf/gis/PanM11,
	author    = {Jia Pan and
	Dinesh Manocha},
	title     = {Fast GPU-based locality sensitive hashing for k-nearest neighbor computation},
	booktitle = {SIGSPATIAL},
	pages     = {211--220},
	year      = {2011}
}

@inproceedings{gieseke2014buffer,
	title={Buffer kd trees: processing massive nearest neighbor queries on GPUs},
	author={Gieseke, Fabian and Heinermann, Justin and Oancea, Cosmin and Igel, Christian},
	booktitle={ICML},
	year={2014}
}

@inproceedings{gowanlock2019accelerating,
	title={Accelerating the Unacceleratable: Hybrid CPU/GPU Algorithms for Memory-Bound Database Primitives},
	author={Gowanlock, Michael and Karsin, Ben and Fink, Zane and Wright, Jordan},
	booktitle={DaMoN},
	year={2019},
	organization={ACM}
}

@article{gowanlock2018gpu,
	title={GPU Accelerated Similarity Self-Join for Multi-Dimensional Data},
	author={Gowanlock, Michael and Karsin, Ben},
	journal={DaMoN},
	year={2018}
}

@inproceedings{zhu2016matrix,
  title={Matrix profile ii: Exploiting a novel algorithm and gpus to break the one hundred million barrier for time series motifs and joins},
  author={Zhu, Yan and Zimmerman, Zachary and Senobari, Nader Shakibay and Yeh, Chin-Chia Michael and Funning, Gareth and Mueen, Abdullah and Brisk, Philip and Keogh, Eamonn},
  booktitle={ICDM},
  year={2016},
  organization={IEEE}
}
@article{zimmerman2018scaling,
	title={Scaling Time Series Motif Discovery with GPUs: Breaking the Quintillion Pairwise Comparisons a Day Barrier},
	author={Zimmerman, Zachary and Kamgar, Kaveh and Zhu, Yan and Senobari, Nader Shakibay and Crites, Brian and Funning, Gareth and Brisk, Philip and Keogh, Eamonn},
	journal={CoRR},
	year={2018}
}
@inproceedings{li2018gpu,
	title={A GPU Accelerated Update Efficient Index for kNN Queries in Road Networks},
	author={Li, Chuanwen and Gu, Yu and Qi, Jianzhong and He, Jiayuan and Deng, Qingxu and Yu, Ge},
	booktitle={ICDE},
	year={2018},
	organization={IEEE}
}

@article{zhu2018exploiting,
	title={Exploiting a novel algorithm and GPUs to break the ten quadrillion pairwise comparisons barrier for time series motifs and joins},
	author={Zhu, Yan and Zimmerman, Zachary and Senobari, Nader Shakibay and Yeh, Chin-Chia Michael and Funning, Gareth and Mueen, Abdullah and Brisk, Philip and Keogh, Eamonn},
	journal={{KAIS}},
	year={2018}
}

@inproceedings{zhou2018generic,
	title={A Generic Inverted Index Framework for Similarity Search on the GPU},
	author={Zhou, Jingbo and Guo, Qi and Jagadish, HV and Krcal, Lubos and Liu, Siyuan and Luan, Wenhao and Tung, Anthony KH and Yang, Yueji and Zheng, Yuxin},
	booktitle={{International Conference on Data Engineering (ICDE)}},
	year={2018},
	organization={IEEE}
}


@book{karhunen1947ueber,
	title={Ueber lineare Methoden in der Wahrscheinlichkeitsrechnung},
	author={Karhunen, Kari},
	year={1947},
	publisher={Soumalainen Tiedeakatemia}
}

@article{loeve1948functions,
	title={Functions aleatoires du second ordre},
	author={Loeve, Michel},
	journal={Processus stochastique et mouvement Brownien},
	pages={366--420},
	year={1948},
	publisher={Gauthier-Villars}
}
