
@article{DBLP:journals/datamine/KeoghK03,
	author    = {Eamonn J. Keogh and
	Shruti Kasetty},
	title     = {On the Need for Time Series Data Mining Benchmarks: {A} Survey and
	Empirical Demonstration},
	journal   = {{DAMI}},
	year      = {2003}}
}

@article{ulissejournal,
	author    = {Michele Linardi and Themis Palpanas},
	title     = {Scalable Data Series Subsequence Matching with ULISSE},
	journal = {{VLDBJ}},
	year      = {2020}
}
@article{beamsearch,
	author    = {D. Raj. Reddy},
	title     = {Speech Understanding Systems: A Summary of Results of the Five-Year Research Effort.},
	journal = {{Department of Computer Science Technical Report. Carnegie Mellon University}},
	year      = {1977}
}

@inproceedings{conf/sigmod/gogolou20,
	title     = {{Data Series Progressive Similarity Search with Probabilistic Quality Guarantees}},
	author    = {Anna Gogolou and Theophanis Tsandilas and Karima Echihabi and Anastasia Bezerianos and Themis Palpanas},
	booktitle = {SIGMOD},
	year      = {2020}
}

@inproceedings{DBLP:conf/pkdd/LevchenkoKYSPVA19,
	author    = {Oleksandra Levchenko and
	Boyan Kolev and
	Djamel Edine Yagoubi and
	Dennis E. Shasha and
	Themis Palpanas and
	Patrick Valduriez and
	Reza Akbarinia and
	Florent Masseglia},
	title     = {Distributed Algorithms to Find Similar Time Series},
	booktitle = {{ECML/PKDD}},
	year      = {2019}
}

@inproceedings{DBLP:conf/wims/EchihabiZP20,
	author    = {Karima Echihabi and
	Kostas Zoumpatianos and
	Themis Palpanas},
	title     = {Scalable Machine Learning on High-Dimensional Vectors: From Data Series
	to Deep Network Embeddings},
	booktitle = {{WIMS}},
	year      = {2020}
}

@inproceedings{valmodjournal,
	author    = {Michele Linardi and Yan Zhu and Themis Palpanas and Eamonn J. Keogh},
	title     = {{Matrix Profile Goes MAD: Variable-Length Motif And
	Discord Discovery in Data Series}},
	booktitle   = {{DAMI}},
	year      = {2020},
}

@article{parisplus,
	title={ParIS+: Data Series Indexing on Multi-core Architectures},
	author={Peng, Botao and Fatourou, Panagiota and Palpanas, Themis},
	journal={TKDE 33(5)},
	year={2021}
}

@article{messijournal,
	title={Fast Data Series Indexing for In-Memory Data},
	author={Peng, Botao and Fatourou, Panagiota and Palpanas, Themis},
	journal={VLDBJ},
	volume    = {30},
	number    = {6},
	year={2021}
}

@inproceedings{variablelengthanalytics,
	author    = {{Michele Linardi (supervised by Themis Palpanas)}},
	title     = {{Effective and Efficient Variable-Length Data Series Analytics}},
	booktitle = {{VLDB PhD Workshop}},
	year      = {2019}
}

@inproceedings{seriesgoneparallel,
	author    = {{Botao Peng (supervised by Panagiota Fatourou and Themis Palpanas)}},
	title     = {{Data Series Indexing Gone Parallel}},
	booktitle = {{ICDE PhD Workshop}},
	year      = {2020}
}

@inproceedings{norma,
	author    = {Paul Boniol and Michele Linardi and Federico Roncallo and Themis Palpanas},
	title     = {{Automated Anomaly Detection in Large Sequences}},
	booktitle = {{ICDE}},
	year      = {2020}
}

@article{series2graph,
	author    = {Paul Boniol and
	Themis Palpanas},
	title     = {{Series2Graph: Graph-based Subsequence Anomaly Detection for Time Series}},
	journal   = {{PVLDB}},
	year      = {2020}
}

@inproceedings{DBLP:conf/sdm/TanWP17,
	author    = {Chang Wei Tan and
	Geoffrey I. Webb and
	Fran{\c{c}}ois Petitjean},
	title     = {Indexing and classifying gigabytes of time series under time warping},
	booktitle = {{ICDM}},
	year      = {2017}
}

@article{DBLP:journals/dagstuhl-reports/BagnallCPZ19,
	author    = {Anthony J. Bagnall and
	Richard L. Cole and
	Themis Palpanas and
	Konstantinos Zoumpatianos},
	title     = {Data Series Management (Dagstuhl Seminar 19282)},
	journal   = {Dagstuhl Reports},
	year      = {9(7), 2019}
}

@article{evolutionofanindex,
	author = {Palpanas, Themis},
	title = {{Evolution of a Data Series Index - The iSAX Family of Data Series Indexes}},
	journal = {{CCIS}},
	volume = {1197},
	year = {2020}
} 

@article{DBLP:journals/vldb/KondylakisDZP19,
	author    = {Haridimos Kondylakis and
	Niv Dayan and
	Kostas Zoumpatianos and
	Themis Palpanas},
	title     = {Coconut: sortable summarizations for scalable indexes over static
	and streaming data series},
	journal   = {{VLDBJ}},
	year      = {2019}
}

@inproceedings{coconutpalm,
	author    = {Haridimos Kondylakis and
	Niv Dayan and
	Kostas Zoumpatianos and
	Themis Palpanas},
	title     = {Coconut Palm: Static and Streaming Data Series Exploration Now in your Palm},
	booktitle   = {{SIGMOD}},
	year      = {2019}
}

@inproceedings{peng2020messi,
	title={MESSI: In-Memory Data Series Indexing},
	author={Peng, Botao and Fatourou, Panagiota and Palpanas, Themis},
	booktitle={ICDE},
	year={2020}
}

@inproceedings{bigdata20tutorial,
	title={{Big Sequence Management: on Scalability (tutorial)}},
	author={Echihabi, Karima and Zoumpatianos, Kostas and Palpanas, Themis},
	booktitle={{IEEE BigData}},
	year={2020}
}

@inproceedings{edbt21tutorial,
	title={{Big Sequence Management: Scaling Up and Out (tutorial)}},
	author={Echihabi, Karima and Zoumpatianos, Kostas and Palpanas, Themis},
	booktitle={{EDBT}},
	year={2021}
}

@inproceedings{icde21tutorial,
	title={{High-Dimensional Similarity Search for Scalable Data Science (tutorial)}},
	author={Echihabi, Karima and Zoumpatianos, Kostas and Palpanas, Themis},
	booktitle={{ICDE}},
	year={2021}
}

@inproceedings{vldb21tutorial,
	title={{New Trends in High-D Vector Similarity Search: AI-driven, Progressive, and Distributed (tutorial)}},
	author={Echihabi, Karima and Zoumpatianos, Kostas and Palpanas, Themis},
	booktitle={{VLDB}},
	year={2021}
}

@article{Palpanas2019,
	author = {Palpanas, Themis and Beckmann, Volker},
	title = {Report on the First and Second Interdisciplinary Time Series Analysis Workshop {(ITISA)}},
	journal = {SIGREC},
	volume = {},
	number = {},
	year = {48(3), 2019}
} 

@inproceedings{tatikonda2008adaptive,
	title={An adaptive memory conscious approach for mining frequent trees: implications for multi-core architectures},
	author={Tatikonda, Shirish and Parthasarathy, Srinivasan},
	booktitle={SIGPLAN},
	year={2008},
	organization={ACM}
}
@inproceedings{berndt1994using,
	title={Using dynamic time warping to find patterns in time series.},
	author={Berndt, Donald J and Clifford, James},
	booktitle={AAAIWS},
	year={1994},

}

@article{keogh2005exact,
	title={Exact indexing of dynamic time warping},
	author={Keogh, Eamonn and Ratanamahatana, Chotirat Ann},
	journal={KIS},
	year={2005},
}

@inproceedings{alvarez2014main,
	title={Main memory adaptive indexing for multi-core systems},
	author={Alvarez, Victor and Schuhknecht, Felix Martin and Dittrich, Jens and Richter, Stefan},
	booktitle={DaMoN},
	year={2014}
}

@inproceedings{leis2013adaptive,
	title={The adaptive radix tree: ARTful indexing for main-memory databases.},
	author={Leis, Viktor and Kemper, Alfons and Neumann, Thomas},
	booktitle={ICDE},
	year={2013}
}

@inproceedings{xie2018comprehensive,
	title={A Comprehensive Performance Evaluation of Modern In-Memory Indices},
	author={Xie, Zhongle and Cai, Qingchao and Chen, Gang and Mao, Rui and Zhang, Meihui},
	booktitle={ICDE},
	year={2018}
}


@inproceedings{polychroniou2015rethinking,
	title={Rethinking SIMD vectorization for in-memory databases},
	author={Polychroniou, Orestis and Raghavan, Arun and Ross, Kenneth A},
	booktitle={SIGMOD},
	year={2015},
	organization={ACM}
}


@misc{Airbus,
	author = {Alleon Guillaume},
	title = {{Head of Operational Intelligence Department Airbus. Personal communication.}},
	journaltitle = {},
	year={2017},
	date = {}
}

@inproceedings{zhang2017efficient,
  title={An efficient framework for exact set similarity search using tree structure indexes},
  author={Zhang, Yong and Li, Xiuxing and Wang, Jin and Zhang, Ying and Xing, Chunxiao and Yuan, Xiaojie},
  booktitle={ICDE},
  year={2017},
  organization={IEEE}
}

@inproceedings{DBLP:conf/icde/WuWPWWW19,
	author    = {Jiaye Wu and
	Peng Wang and
	Ningting Pan and
	Chen Wang and
	Wei Wang and
	Jianmin Wang},
	title     = {KV-Match: {A} Subsequence Matching Approach Supporting Normalization
	and Time Warping},
	booktitle = {ICDE},
	year      = {2019}
}

@inproceedings{binna2018hot,
  title={Hot: A height optimized trie index for main-memory database systems},
  author={Binna, Robert and Zangerle, Eva and Pichl, Martin and Specht, G{\"u}nther and Leis, Viktor},
  booktitle={SIGMOD},
  year={2018},
  organization={ACM}
}

@article{dpisaxjournal,
	author    = {Djamel Edine Yagoubi and
	Reza Akbarinia and
	Florent Masseglia and
	Themis Palpanas},
	title     = {Massively Distributed Time Series Indexing and Querying},
	journal   = {{TKDE}},
	volume    = {32},
	number    = {1},
	pages     = {108--120},
	year      = {2020}
}

@inproceedings{dpisax,
  author    = {Djamel Edine Yagoubi and
               Reza Akbarinia and
               Florent Masseglia and
               Themis Palpanas},
  title     = {DPiSAX: Massively Distributed Partitioned iSAX},
  booktitle = {ICDM},
  year      = {2017}
}

@article{DBLP:journals/pvldb/KondylakisDZP18,
  author    = {Haridimos Kondylakis and
               Niv Dayan and
               Kostas Zoumpatianos and
               Themis Palpanas},
  title     = {Coconut: {A} Scalable Bottom-Up Approach for Building Data Series
               Indexes},
  journal   = {{PVLDB}},
  year      = {2018}
}

@inproceedings{fulfillingtheneed,
  author    = {Kostas Zoumpatianos and Themis Palpanas},
  title     = {Data Series Management: Fulfilling the Need for Big Sequence Analytics},
  booktitle = {ICDE},
  year      = {2018}
}

@inproceedings{DBLP:conf/ieeehpcs/Palpanas17,
  author    = {Themis Palpanas},
  title     = {The Parallel and Distributed Future of Data Series Mining},
  booktitle = {HPCS},
  year      = {2017}
}

@article{lernaeanhydra,
	author    = {Karima Echihabi and Kostas Zoumpatianos and Themis Palpanas and Houda Benbrahim},
	title     = {{The Lernaean Hydra of Data Series Similarity Search: An Experimental Evaluation of the State of the Art}},
	journal = {{PVLDB}},
	year      = {2018}
}

@article{lernaeanhydra2,
	author    = {Karima Echihabi and Kostas Zoumpatianos and Themis Palpanas and Houda Benbrahim},
	title     = {{Return of the Lernaean Hydra: Experimental Evaluation of Data Series Approximate Similarity Search}},
	journal = {{PVLDB}},
	year      = {2019}
}



@inproceedings{ulisseicde,
	author    = {Michele Linardi and Themis Palpanas},
	title     = {ULISSE: ULtra compact Index for Variable-Length Similarity SEarch in Data Series},
	booktitle = {{ICDE}},
	year      = {2018}
}

@inproceedings{DBLP:conf/kdd/RakthanmanonCMBWZZK12,
	author    = {Thanawin Rakthanmanon and
	Bilson J. L. Campana and
	Abdullah Mueen and
	Gustavo E. A. P. A. Batista and
	M. Brandon Westover and
	Qiang Zhu and
	Jesin Zakaria and
	Eamonn J. Keogh},
	title     = {Searching and mining trillions of time series subsequences under dynamic
	time warping},
	booktitle = {{SIGKDD}},
	year      = {2012}
}

@inproceedings{rafiei1997similarity,
	title={Similarity-based queries for time series data},
	author={Rafiei, Davood and Mendelzon, Alberto},
	booktitle={{SIGMOD}},
	year={1997}
}

@inproceedings{gogolou2019progressive,
	title={Progressive Similarity Search on Time Series Data},
	author={Gogolou, Anna and Tsandilas, Theophanis and Palpanas, Themis and Bezerianos, Anastasia},
	booktitle = {EDBT},
	year={2019}
}

@inproceedings{assent2008ts,
	title={The TS-tree: efficient time series search and retrieval},
	author={Assent, Ira and Krieger, Ralph and Afschari, Farzad and Seidl, Thomas},
	booktitle={{EDBT}},
	year={2008}
}

@inproceedings{schafer2012sfa,
	title={SFA: a symbolic fourier approximation and index for similarity search in high dimensional datasets},
	author={Sch{\"a}fer, Patrick and H{\"o}gqvist, Mikael},
	booktitle={EDBT},
	pages={516--527},
	year={2012}
}

@article{volker,
  title={Long-term variability of AGN at hard X-rays},
  author={Soldi, S and Beckmann, Volker and Baumgartner, WH and Ponti, Gabriele and Shrader, Chris R and Lubi{\'n}ski, P and Krimm, HA and Mattana, F and Tueller, Jack},
  journal={Astronomy \& Astrophysics},
  year={2014},
  publisher={EDP Sciences}
}

@misc{iris,
  title = {{Incorporated Research Institutions for Seismology} -- {Seismic Data Access}},
  howpublished = {http://ds.iris.edu/data/access/},
  year = {2016}
}

@misc{sourcescodesing,
	title = {},
	howpublished = {http://helios.mi.parisdescartes.fr/~themisp/sing/},
	year = {2020}
}

@misc{sourcescode,
  title = {},
  howpublished = {http://helios.mi.parisdescartes.fr/~themisp/messi/},
  year = {2019}
}

@article{levandoski2013llama,
  title={LLAMA: A cache/storage subsystem for modern hardware},
  author={Levandoski, Justin and Lomet, David and Sengupta, Sudipta},
  journal={VLDB},
  year={2013},
}

@article{DBLP:journals/sigmod/Palpanas15,
  author    = {Themis Palpanas},
  title     = {Data Series Management: The Road to Big Sequence Analytics},
  journal   = {{SIGMOD} Record},
  year      = {2015},
}

@article{zoumpatianos2016ads,
  title={ADS: the adaptive data series index},
  author={Zoumpatianos, Kostas and Idreos, Stratos and Palpanas, Themis},
  journal={{VLDB} J.},
  year={2016},
}

@inproceedings{DBLP:conf/sigmod/ZoumpatianosIP14,
  author    = {Kostas Zoumpatianos and
               Stratos Idreos and
               Themis Palpanas},
  title     = {Indexing for interactive exploration of big data series},
  booktitle = {SIGMOD},
  year      = {2014},
}


@misc{coorporation2009intel,
  title={Intel 64 and IA-32 architectures optimization reference manual},
  author={Coorporation, Intel},
  year={2016},
}

@article{intel2011advanced,
  title={Advanced vector extensions programming reference},
  author={Intel},
  journal={Intel Corporation},
  year={2011}
}

@article{lomont2011introduction,
  title={Introduction to intel advanced vector extensions},
  author={Lomont, Chris},
  journal={Intel White Paper},
  year={2011}
}

@article{firasta2008intel,
  title={Intel AVX: New frontiers in performance improvements and energy efficiency},
  author={Firasta, Nadeem and Buxton, Mark and Jinbo, Paula and Nasri, Kaveh and Kuo, Shihjong},
  journal={Intel white paper},
  year={2008}
}

@article{prinslow2011overview,
  title={Overview of performance measurement and analytical modeling techniques for multi-core processors},
  author={Prinslow, Garrison},
  journal={UR L: http://www. cs. wustl. edu/\~{} jain/cse567-11/ftp/multcore},
  year={2011}
}

@inproceedings{yi2000fast,
	title={Fast time sequence indexing for arbitrary Lp norms},
	author={Yi, Byoung-Kee and Faloutsos, Christos},
	booktitle={VLDB},
	year={2000},
	organization={Citeseer}
}

@article{keogh2001dimensionality,
  title={Dimensionality reduction for fast similarity search in large time series databases},
  author={Keogh, Eamonn and Chakrabarti, Kaushik and Pazzani, Michael and Mehrotra, Sharad},
  journal={KAIS},
  year={2001},
}

@inproceedings{shieh2008sax,
  title={i SAX: indexing and mining terabyte sized time series},
  author={Shieh, Jin and Keogh, Eamonn},
  booktitle={SIGKDD},
  year={2008}
}

@article{dees2005native,
  title={Native command queuing-advanced performance in desktop storage},
  author={Dees, Brian},
  journal={IEEE Potentials},
  year={2005},
  publisher={IEEE}
}

@inproceedings{lin2003symbolic,
  title={A symbolic representation of time series, with implications for streaming algorithms},
  author={Lin, Jessica and Keogh, Eamonn and Lonardi, Stefano and Chiu, Bill},
  booktitle={DMKD},
  year={2003},
  organization={ACM}
}

@article{shieh2009isax,
  title={iSAX: disk-aware mining and indexing of massive time series datasets},
  author={Shieh, Jin and Keogh, Eamonn},
  journal={DMKD},
  year={2009},

}
@article{lin1994tv,
  title={The TV-tree: An index structure for high-dimensional data},
  author={Lin, King Ip and Jagadish, Hosagrahar V and Faloutsos, Christos},
  journal={{VLDB} J.},
  year={1994},
}

@inproceedings{zhou2002implementing,
  title={Implementing database operations using SIMD instructions},
  author={Zhou, Jingren and Ross, Kenneth A},
  booktitle={SIGMOD},
  year={2002},
  organization={ACM}
}

@inproceedings{tang2016exploit,
  title={Exploit Every Cycle: Vectorized Time Series Algorithms on Modern Commodity CPUs},
  author={Tang, Bo and Yiu, Man Lung and Li, Yuhong and others},
  booktitle={IMDM},
  year={2016},
}

@inproceedings{kashino1999time,
  title={Time-series active search for quick retrieval of audio and video},
  author={Kashino, Kunio and Smith, Gavin and Murase, Hiroshi},
  booktitle={ICASSP},
  year={1999},
}
@inproceedings{ye2009time,
  title={Time series shapelets: a new primitive for data mining},
  author={Ye, Lexiang and Keogh, Eamonn},
  booktitle={SIGKDD},
  year={2009},
  organization={ACM}
}

@article{shasha1999tuning,
  title={Tuning time series queries in finance: Case studies and recommendations},
  author={Shasha, Dennis},
  journal={IEEE Data Eng. Bull.},
  year={1999}
}


@article{huijse2014computational,
  title={Computational intelligence challenges and applications on large-scale astronomical time series databases},
  author={Huijse, Pablo and Estevez, Pablo A and Protopapas, Pavlos and Principe, Jose C and Zegers, Pablo},
  journal={CIM},
  year={2014},
}

@article{raza2015practical,
  title={Practical data prediction for real-world wireless sensor networks},
  author={Raza, Usman and Camerra, Alessandro and Murphy, Amy L and Palpanas, Themis and Picco, Gian Pietro},
  journal={TKDE},
  year={2015},
}
@inproceedings{palpanas2016data,
  title={Data series management: The next challenge},
  author={Palpanas, Themis},
  booktitle={ICDEW},
  year={2016},
  organization={IEEE}
}

@article{dallachiesa2012uncertain,
  title={Uncertain time-series similarity: return to the basics},
  author={Dallachiesa, Michele and Nushi, Besmira and Mirylenka, Katsiaryna and Palpanas, Themis},
  journal={VLDB},
  year={2012},
  publisher={VLDB Endowment}
}

@article{dallachiesa2014top,
  title={Top-k nearest neighbor search in uncertain data series},
  author={Dallachiesa, Michele and Palpanas, Themis and Ilyas, Ihab F},
  journal={VLDB},
  year={2014},
  publisher={VLDB Endowment}
}


@article{rodrigues2008hierarchical,
  title={Hierarchical clustering of time-series data streams},
  author={Rodrigues, Pedro Pereira and Gama, Jo{\~a}o and Pedroso, Joao},
  journal={TKDE},
  year={2008},
  publisher={IEEE}
}

@article{wang2013data,
  title={A data-adaptive and dynamic segmentation index for whole matching on time series},
  author={Wang, Yang and Wang, Peng and Pei, Jian and Wang, Wei and Huang, Sheng},
  journal={VLDB},
  year={2013},
  publisher={VLDB Endowment}
}

@article{dean2008mapreduce,
  title={MapReduce: simplified data processing on large clusters},
  author={Dean, Jeffrey and Ghemawat, Sanjay},
  journal={Communications of the ACM},
  year={2008},
  publisher={ACM}
}

@article{stone2010opencl,
  title={OpenCL: A parallel programming standard for heterogeneous computing systems},
  author={Stone, John E and Gohara, David and Shi, Guochun},
  journal={Computing in science \& engineering},
  year={2010},
  publisher={IEEE}
}

@article{dagum1998openmp,
  title={OpenMP: an industry standard API for shared-memory programming},
  author={Dagum, Leonardo and Menon, Ramesh},
  journal={IEEE computational science and engineering},
  year={1998},
  publisher={IEEE}
}

@article{shun2016parallel,
  title={Parallel local graph clustering},
  author={Shun, Julian and Roosta-Khorasani, Farbod and Fountoulakis, Kimon and Mahoney, Michael W},
  journal={VLDB},
  year={2016},
  publisher={VLDB Endowment}
}
@article{pirk2016voodoo,
  title={Voodoo-a vector algebra for portable database performance on modern hardware},
  author={Pirk, Holger and Moll, Oscar and Zaharia, Matei and Madden, Sam},
  journal={VLDB},
  year={2016},
  publisher={VLDB Endowment}
}


@inproceedings{blanas2011design,
  title={Design and evaluation of main memory hash join algorithms for multi-core CPUs},
  author={Blanas, Spyros and Li, Yinan and Patel, Jignesh M},
  booktitle={SIGMOD},
  year={2011},
  organization={ACM}
}
@inproceedings{xiao2013parallelizing,
  title={Parallelizing dynamic time warping algorithm using prefix computations on GPU},
  author={Xiao, Limin and Zheng, Yao and Tang, Wenqi and Yao, Guangchao and Ruan, Li},
  booktitle={ (HPCC\_EUC)},
  year={2013},
  organization={IEEE}
}

@article{ding2008querying,
  title={Querying and mining of time series data: experimental comparison of representations and distance measures},
  author={Ding, Hui and Trajcevski, Goce and Scheuermann, Peter and Wang, Xiaoyue and Keogh, Eamonn},
  journal={VLDB},
  year={2008},
  publisher={VLDB Endowment}
}
@book{akhter2006multi,
  title={Multi-core programming},
  author={Akhter, Shameen and Roberts, Jason},
  volume={33},
  year={2006},
  publisher={Intel press Hillsboro}
}

@book{herlihy2011art,
  title={The art of multiprocessor programming},
  author={Herlihy, Maurice and Shavit, Nir},
  year={2011},
  publisher={Morgan Kaufmann}
}
@inproceedings{weber1989exploring,
  title={Exploring the benefits of multiple hardware contexts in a multiprocessor architecture: preliminary results},
  author={Weber, W-D and Gupta, Anoop},
  booktitle={ACM SIGARCH Computer Architecture News},
  year={1989},
  organization={ACM}
}
@inproceedings{gepner2006multi,
  title={Multi-core processors: New way to achieve high system performance},
  author={Gepner, Pawel and Kowalik, Michal Filip},
  booktitle={PAR ELEC},
  year={2006}
}
@inproceedings{zhang2010does,
  title={Does cache sharing on modern CMP matter to the performance of contemporary multithreaded programs?},
  author={Zhang, Eddy Z and Jiang, Yunlian and Shen, Xipeng},
  booktitle={ACM Sigplan Notices},
  year={2010},
  organization={ACM}
}

@inproceedings{bordawekar2009parallelization,
  title={Parallelization of XPath queries using multi-core processors: challenges and experiences},
  author={Bordawekar, Rajesh and Lim, Lipyeow and Shmueli, Oded},
  booktitle={EDBT},
  pages={180--191},
  year={2009},
  organization={ACM}
}

@inproceedings{bordawekar2010believe,
  title={Believe it or not!: mult-core cpus can match gpu performance for a flop-intensive application!},
  author={Bordawekar, Rajesh and Bondhugula, Uday and Rao, Ravi},
  booktitle={PACT},
  pages={537--538},
  year={2010},
  organization={ACM}
}

@inproceedings{ZeuchFH14,
   author    = {Steffen Zeuch and Johann{-}Christoph Freytag and Frank Huber},
   title     = {Adapting Tree Structures for Processing with {SIMD} Instructions},
   booktitle = {EDBT},
   year      = {2014}
}

@article{GowanlockC16,
  author    = {Michael G. Gowanlock and
               Henri Casanova},
  title     = {Distance Threshold Similarity Searches: Efficient Trajectory Indexing
               on the {GPU}},
  journal   = {{IEEE} TPDS},
  year      = {2016}
}

@inproceedings{LometN15,
   author    = {David B. Lomet and Faisal Nawab},
   title     = {High performance temporal indexing on modern hardware},
   booktitle = {{ICDE}},
   year      = {2015}
}
@inproceedings{chou2011fastquery,
  title={Fastquery: A parallel indexing system for scientific data},
  author={Chou, Jerry and Wu, Kesheng and others},
  booktitle={CLUSTER},
  year={2011},
  organization={IEEE}
}

@inproceedings{fatourou2012revisiting,
  title={Revisiting the combining synchronization technique},
  author={Fatourou, Panagiota and Kallimanis, Nikolaos D},
  booktitle={ACM SIGPLAN Notices},
  year={2012},
  organization={ACM}
}
@article{ailamaki2015databases,
  title={Databases and hardware: The beginning and sequel of a beautiful friendship},
  author={Ailamaki, Anastasia},
  journal={VLDB},
  year={2015},
  publisher={VLDB Endowment}
}
@inproceedings{ghodsnia2014parallel,
  title={Parallel I/O aware query optimization},
  author={Ghodsnia, Pedram and Bowman, Ivan T and Nica, Anisoara},
  booktitle={SIGMOD},
  pages={349--360},
  year={2014},
  organization={ACM}
}

@article{peng2018paris,
	title={ParIS: The Next Destination for Fast Data Series Indexing and Query Answering},
	author={Peng, Botao and Fatourou, Panagiota and Palpanas, Themis},
	journal={IEEE BigData},
	year={2018}
}




@inproceedings{DBLP:conf/sofsem/Palpanas16,
  author    = {Themis Palpanas},
title     = {Big Sequence Management: {A} glimpse of the Past, the Present, and
the Future},
booktitle = {SOFSEM},
pages     = {63--80},
year      = {2016},
crossref  = {DBLP:conf/sofsem/2016},
}

@inproceedings{KostasThemisTalkICDE,
	author    = {Kostas Zoumpatianos and Themis Palpanas},
	title     = {Data Series Management: Fulfilling the Need for Big Sequence Analytics},
	booktitle = {ICDE},
	year      = {2018}
}



@inproceedings{DBLP:conf/damon/PolychroniouR14,
  author    = {Orestis Polychroniou and
               Kenneth A. Ross},
  title     = {Vectorized Bloom filters for advanced {SIMD} processors},
  booktitle = {Tenth International Workshop on Data Management on New Hardware, DaMoN
               2014, Snowbird, UT, USA, June 23, 2014},
  pages     = {6:1--6:6},
  year      = {2014}
}

@inproceedings{DBLP:conf/sigmod/PolychroniouRR15,
  author    = {Orestis Polychroniou and
               Arun Raghavan and
               Kenneth A. Ross},
  title     = {Rethinking {SIMD} Vectorization for In-Memory Databases},
  booktitle = {SIGMOD},
  year      = {2015}
}

@inproceedings{DBLP:conf/cidr/Blanas17,
  author    = {Spyros Blanas},
  title     = {Query processing for datacenter-scale computers},
  booktitle = {{CIDR}},
  year      = {2017}
}

@article{Fekete:2016,
  author    = {Fekete, Jean-Daniel and Primet, Romain},
  title     = {Progressive Analytics: A Computation Paradigm for Exploratory Data Analysis},
  journal   = {CoRR},
  year      = {2016},
}

@inproceedings{VALMOD,
	author    = {Michele Linardi and Yan Zhu and Themis Palpanas and Eamonn J. Keogh},
	title     = {Matrix Profile {X}: VALMOD - Scalable Discovery of Variable-Length Motifs in Data Series},            
	booktitle   = {SIGMOD},
	year      = {2018}, 
}

@article{DBLP:journals/vldb/ZoumpatianosLIP18,
  author    = {Kostas Zoumpatianos and
               Yin Lou and
               Ioana Ileana and
               Themis Palpanas and
               Johannes Gehrke},
  title     = {Generating data series query workloads},
  journal   = {{VLDB} J.},
  year      = {2018}
}

@article{DBLP:journals/datamine/MueenKZCWS11,
  author    = {Abdullah Mueen and
               Eamonn J. Keogh and
               Qiang Zhu and
               Sydney Cash and
               M. Brandon Westover and
               Nima Bigdely Shamlo},
  title     = {A disk-aware algorithm for time series motif discovery},
  journal   = {DAMI},
  year      = {2011}
}

@inproceedings{DBLP:conf/kdd/KashyapK11,
  author    = {Shrikant Kashyap and
Panagiotis Karras},
title     = {Scalable kNN search on vertically stored time series},
booktitle = {SIGKDD},
pages     = {1334--1342},
year      = {2011},

}

@article{DBLP:journals/tkdd/GrabockaSS16,
  author    = {Josif Grabocka and
               Nicolas Schilling and
               Lars Schmidt{-}Thieme},
  title     = {Latent Time-Series Motifs},
  journal   = {{TKDD}},
  volume    = {11},
  number    = {1},
  pages     = {6:1--6:20},
  year      = {2016}
}

@article{DBLP:journals/kais/KeoghR05,
  author    = {Eamonn J. Keogh and
               Chotirat (Ann) Ratanamahatana},
  title     = {Exact indexing of dynamic time warping},
  journal   = {KAIS},
  volume    = {7},
  number    = {3},
  pages     = {358--386},
  year      = {2005}
}

@inproceedings{DBLP:conf/icdm/MueenHE14,
  author    = {Abdullah Mueen and
               Hossein Hamooni and
               Trilce Estrada},
  title     = {Time Series Join on Subsequence Correlation},
  booktitle = {ICDM},
  pages     = {450--459},
  year      = {2014}
}

@article{DBLP:journals/pvldb/PelkonenFCHMTV15,
 author    = {Tuomas Pelkonen and
 Scott Franklin and
 Paul Cavallaro and
 Qi Huang and
 Justin Meza and
 Justin Teller and
 Kaushik Veeraraghavan},
 title     = {Gorilla: {A} Fast, Scalable, In-Memory Time Series Database},
 journal   = {VLDB},
 year      = {2015},
 
}

@misc{url:sds,
    title = {Sloan Digital Sky Survey},
    howpublished={\url{https://www.sdss3.org/dr10/data_access/volume.php}},
    year=2017
}

@article{percomJournal,
  author    = {Usman Raza and
               Alessandro Camerra and
               Amy L. Murphy and
               Themis Palpanas and
               Gian Pietro Picco},
  title     = {Practical Data Prediction for Real-World Wireless Sensor Networks},
  journal   = {{IEEE} TKDE},
  year      = {2015}
}

@article{HuijseEPPZ14,
  author    = {Pablo Huijse and
               Pablo A. Est{\'{e}}vez and
               Pavlos Protopapas and
               Jose C. Principe and
               Pablo Zegers},
  title     = {Computational Intelligence Challenges and Applications on Large-Scale
               Astronomical Time Series Databases},
  journal   = {{IEEE} CIM},
  year      = {2014}
}

@misc{url:adhd,
    title = {ADHD-200},
    howpublished={\url{http://fcon_1000.projects.nitrc.org/indi/adhd200/}},
    year=2017
}

@inproceedings{humanbehaviorpatterns,
  author	= {Pavlos Paraskevopoulos and
               Thanh-Cong Dinh and
               Zolzaya Dashdorj and
               Themis Palpanas and
               Luciano Serafini},
  title		= {Identification and Characterization of Human Behavior Patterns from Mobile Phone Data},
  booktitle	= {D4D Challenge session, NetMob},
  year		= {2013}
}

@inproceedings{DBLP:conf/edbt/MirylenkaCPPM16,
  author    = {Katsiaryna Mirylenka and
               Vassilis Christophides and
               Themis Palpanas and
               Ioannis Pefkianakis and
               Martin May},
  title     = {Characterizing Home Device Usage From Wireless Traffic Time Series},
  booktitle = {EDBT},
  year      = {2016},
}

@inproceedings{KashinoSM99,
author    = {Kunio Kashino and
Gavin Smith and
Hiroshi Murase},
title     = {Time-series active search for quick retrieval of audio and video},
booktitle = {ICASSP},
year      = {1999},
}

@inproceedings{YeK09,
  author    = {Lexiang Ye and
               Eamonn J. Keogh},
  title     = {Time series shapelets: a new primitive for data mining},
  booktitle = {KDD},
  year      = {2009}
}

@article{Shasha99,
  author    = {Dennis Shasha},
  title     = {Tuning Time Series Queries in Finance: Case Studies and Recommendations},
  journal   = {{IEEE} Data Eng. Bull.},
  year      = {1999}
}

@inproceedings {ZoumpatianosLPG15,
 author    = {Kostas Zoumpatianos and
              Yin Lou and
              Themis Palpanas and
              Johannes Gehrke},
 title     = {Query Workloads for Data Series Indexes},
 booktitle = {KDD},
 year      = {2015}
}

@inproceedings{Kamel1994,
 author = {Kamel, Ibrahim and Faloutsos, Christos},
 title = {Hilbert R-tree: An Improved R-tree Using Fractals},
 booktitle = {VLDB},
 year = {1994}
}
[download]

@inproceedings{MueenNL10,
author    = {Abdullah Mueen and
Suman Nath and
Jie Liu},
title     = {Fast approximate correlation for massive time-series data},
booktitle = {SIGMOD},
year      = {2010},
}



@article{ refId0,
	author = {Simona Soldi and 
	Volker Beckmann  and 
	Wayne Baumgartner and 
	Gabriele Ponti and 
	Chris Shrader and 
	Piotr Lubinski and 
	Hans Krimm and 
	Fabio Mattana and 
	Jack Tueller},
	title = {Long-term variability of AGN at hard X-rays},
	journal = {Astronomy \& Astrophysics},
	year = {2014},
}


@book{DBLP:books/daglib/0011128,
  author    = {Raghu Ramakrishnan and
               Johannes Gehrke},
  title     = {Database management systems {(3.} ed.)},
  publisher = {McGraw-Hill},
  year      = {2003},
  isbn      = {978-0-07-115110-8},
}



@inproceedings{Li1996,
  author    = {Chung{-}Sheng Li and
Philip S. Yu and
Vittorio Castelli},
title     = {HierarchyScan: {A} Hierarchical Similarity Search Algorithm for Databases
of Long Sequences},
booktitle = {ICDE},
year      = {1996},
}

@article{Keogh2000,
author    = {Eamonn J. Keogh and
              Kaushik Chakrabarti and
              Michael J. Pazzani and
              Sharad Mehrotra},
 title     = {Dimensionality Reduction for Fast Similarity Search in Large Time
              Series Databases},
 journal   = {KAIS},
 year      = {2001}
}

@inproceedings{Lin2003,
 author    = {Jessica Lin and
Eamonn J. Keogh and
Wagner Truppel},
title     = {Clustering of streaming time series is meaningless},
booktitle = {DMKD},
pages     = {56--65},
year      = {2003},
}

@inproceedings{RaviKanth1998,
author = {Ravi Kanth, K. V. and Agrawal, Divyakant and Singh, Ambuj},
title = {Dimensionality Reduction for Similarity Searching in Dynamic Databases},
pages     = {166--176},
booktitle = {SIGMOD},
year = {1998}
}


@inproceedings{Korn97,
  author    = {Flip Korn and
H. V. Jagadish and
Christos Faloutsos},
title     = {Efficiently Supporting Ad Hoc Queries in Large Datasets of Time Sequences},
booktitle = {SIGMOD},
pages     = {289--300},
year      = {1997},
}


@inproceedings{Keogh1997,
	author    = {Eamonn J. Keogh},
	title     = {Fast Similarity Search in the Presence of Longitudinal Scaling in
	Time Series Databases},
	booktitle = {ICTAI},
	pages     = {578--584},
	year      = {1997},
}

@article{Chakrabarti2002,
author    = {Kaushik Chakrabarti and
              Eamonn J. Keogh and
              Sharad Mehrotra and
              Michael J. Pazzani},
 title     = {Locally adaptive dimensionality reduction for indexing large time
              series databases},
 journal   = {{ACM} Trans. Database Syst.},
 volume    = {27},
 number    = {2},
 pages     = {188--228},
 year      = {2002},
}

@book{morton1966,
  title={A computer oriented geodetic data base and a new technique in file sequencing},
  author={Morton, Guy M},
  	publisher={Ottawa, International Business Machines Company },
  year={1966}
}

@inproceedings{Wang2013,
 author = {Wang, Yang and Wang, Peng and Pei, Jian and Wang, Wei and Huang, Sheng},
 title = {A Data-adaptive and Dynamic Segmentation Index for Whole Matching on Time Series},
 booktitle = {VLDB},
 year = {2013}
}

@inproceedings{Schafer2012,
 author = {Sch\"{a}fer, Patrick and H\"{o}gqvist, Mikael},
 title = {SFA: A Symbolic Fourier Approximation and Index for Similarity Search in High Dimensional Datasets},
 booktitle = {EDBT},
 year = {2012}
}

@inproceedings{Assent2008,
author    = {Ira Assent and
Ralph Krieger and
Farzad Afschari and
Thomas Seidl},
title     = {The TS-tree: efficient time series search and retrieval},
booktitle = {{EDBT}},
year      = {2008},
}

@inproceedings{Chen2007,
 author = {Chen, Qiuxia and Chen, Lei and Lian, Xiang and Liu, Yunhao and Yu, Jeffrey Xu},
 title = {Indexable PLA for Efficient Similarity Search},
 booktitle = {VLDB},
 year = {2007}
}

@inproceedings{ChanF99,
  author    = {Kin pong Chan and
Ada Wai{-}Chee Fu},
title     = {Efficient Time Series Matching by Wavelets},
booktitle = {ICDE},
pages     = {126--133},
year      = {1999},
}

@inproceedings{Rafiei1998,
  author    = {Davood Rafiei},
title     = {On Similarity-Based Queries for Time Series Data},
booktitle = {ICDE},
pages     = {410--417},
year      = {1999},
}

@inproceedings{Rafiei1997,
author    = {Davood Rafiei and
Alberto O. Mendelzon},
title     = {Similarity-Based Queries for Time Series Data},
booktitle = {SIGMOD},
pages     = {13--25},
year      = {1997},
}

@inproceedings{DBLP:conf/sigmod/FaloutsosRM94,
  author    = {Christos Faloutsos and
M. Ranganathan and
Yannis Manolopoulos},
title     = {Fast Subsequence Matching in Time-Series Databases},
booktitle = {SIGMOD},
pages     = {419--429},
year      = {1994},
}


@inproceedings{Agrawal1993,
  author    = {Rakesh Agrawal and
Christos Faloutsos and
Arun N. Swami},
title     = {Efficient Similarity Search In Sequence Databases},
booktitle = {FODO},
year      = {1993}
}


@article{DBLP:journals/acta/ONeilCGO96,
  author    = {Patrick E. O'Neil and
               Edward Cheng and
               Dieter Gawlick and
               Elizabeth J. O'Neil},
  title     = {The Log-Structured Merge-Tree (LSM-Tree)},
  journal   = {Acta Inf.},
  volume    = {33},
  number    = {4},
  pages     = {351--385},
  year      = {1996},
}

@inproceedings{Shieh2008,
 author = {Shieh, Jin and Keogh, Eamonn},
 title = {{iSAX:} Indexing and Mining Terabyte Sized Time Series},
 booktitle = {KDD},
 year = {2008}
}

@article{Shieh2009,
author = {Shieh, Jin and Keogh, Eamonn},
journal = {DMKD},
number = {1},
title = {{iSAX: disk-aware mining and indexing of massive time series datasets}},
year = {2009}
}
@inproceedings{Camerra2010,
 author    = {Alessandro Camerra and
Themis Palpanas and
Jin Shieh and
Eamonn J. Keogh},
title     = {iSAX 2.0: Indexing and Mining One Billion Time Series},
booktitle = {{ICDM}},
pages     = {58--67},
year      = {2010},
}
@article{isax2plus,
    year={2014},
    journal={KAIS},
    volume={39},
    number={1},
    title={{Beyond One Billion Time Series: Indexing and Mining Very Large Time Series Collections with iSAX2+}},
    keywords={Time series; Data mining; Representations; Indexing; Bulk loading},
    author={Camerra, Alessandro and Shieh, Jin and Palpanas, Themis and Rakthanmanon, Thanawin and Keogh, Eamonn}
}

@inproceedings{Zoumpatianos2014,
	author    = {Kostas Zoumpatianos and
	Stratos Idreos and
	Themis Palpanas},
	title     = {Indexing for interactive exploration of big data series},
	booktitle = {SIGMOD},
	year      = {2014},
}

@article{Zoumpatianos2015rinse,
	author    = {Kostas Zoumpatianos and
	Stratos Idreos and
	Themis Palpanas},
	title     = {{RINSE:} Interactive Data Series Exploration with {ADS+}},
	journal   = {VLDB},
	volume    = {8},
	number    = {12},
	pages     = {1912--1915},
	year      = {2015},
}



@article{ZoumpatianosIP16,
	author    = {Kostas Zoumpatianos and
	Stratos Idreos and
	Themis Palpanas},
	title     = {{ADS:} the adaptive data series index},
	journal   = {{VLDB} J.},
	year      = {2016},
}





@ARTICLE{bowman:reasoning,
	AUTHOR = "Mic Bowman and Saumya K. Debray and Larry L. Peterson",
	TITLE = "Reasoning About Naming Systems",
	JOURNAL = "ACM Trans. Program. Lang. Syst.",
	VOLUME = {15},
	NUMBER = {5},
	PAGES = {795-825},
	MONTH = "November",
	YEAR = {1993}	}

@ARTICLE{braams:babel,
	AUTHOR = "Johannes Braams",
	TITLE = "Babel, a Multilingual Style-Option System for Use with LaTeX's Standard Document Styles",
	JOURNAL = {TUGboat},
	VOLUME = {12},
	NUMBER = {2},
	PAGES = {291-301},
	MONTH = "June",
	YEAR = {1991}	}

@INPROCEEDINGS{clark:pct,
	AUTHOR = "Malcolm Clark",
	TITLE = "Post Congress Tristesse",
	BOOKTITLE = "TeX90 Conference Proceedings",
	PAGES = "84-89",
	ORGANIZATION = "TeX Users Group",
	MONTH = "March",
	YEAR = {1991}	}

@ARTICLE{herlihy:methodology,
	AUTHOR = "Maurice Herlihy",
	TITLE = "A Methodology for Implementing Highly Concurrent
	Data Objects",
	JOURNAL = {ACM Trans. Program. Lang. Syst.},
	VOLUME = {15},
	NUMBER = {5},
	PAGES = {745-770},
	MONTH = "November",
	YEAR = {1993}	}

@BOOK{Lamport:LaTeX,
	AUTHOR = "Leslie Lamport",
	TITLE = "LaTeX User's Guide and Document Reference Manual",
	PUBLISHER = "Addison-Wesley Publishing Company",
	ADDRESS = "Reading, Massachusetts",
	YEAR = "1986"	}

@BOOK{salas:calculus,
	AUTHOR = "S.L. Salas and Einar Hille",
	TITLE = "Calculus: One and Several Variable",
	PUBLISHER = "John Wiley and Sons",
	ADDRESS = "New York",
	YEAR = "1978"	}

@inproceedings{rakthanmanon2012searching,
   author    = {Thanawin Rakthanmanon and
 Bilson J. L. Campana and
 Abdullah Mueen and
 Gustavo E. A. P. A. Batista and
 M. Brandon Westover and
 Qiang Zhu and
 Jesin Zakaria and
 Eamonn J. Keogh},
 title     = {Searching and mining trillions of time series subsequences under dynamic
 time warping},
 booktitle = {SIGKDD},
 year      = {2012},
}


@inproceedings{Guttman1984,
 author    = {Antonin Guttman},
title     = {R-Trees: {A} Dynamic Index Structure for Spatial Searching},
booktitle = {SIGMOD},
pages     = {47--57},
year      = {1984},
}

@inproceedings{Xiaopeng2006,
	author = {Xi, Xiaopeng and Keogh, Eamonn and Shelton, Christian and Wei, Li and Ratanamahatana, Chotirat Ann},
	title = {Fast Time Series Classification Using Numerosity Reduction},
	booktitle = {ICML},
	year = {2006},
}

@inproceedings{Ratanamahatana2005,
  author    = {Chotirat (Ann) Ratanamahatana and
Eamonn J. Keogh},
title     = {Three Myths about Dynamic Time Warping Data Mining},
booktitle = {SIAM},
year      = {2005},
}

@article{Kate2016,
author    = {Rohit J. Kate},
title     = {Using dynamic time warping distances as features for improved time
series classification},
journal   = {DMKD},
year      = {2016},
}


@inproceedings{keogh1998,
  author    = {Eamonn J. Keogh and
Michael J. Pazzani},
title     = {An Enhanced Representation of Time Series Which Allows Fast and Accurate
Classification, Clustering and Relevance Feedback},
booktitle = {KDD},
year      = {1998},
}

@article{Liao2005,
  author    = {T. Warren Liao},
title     = {Clustering of time series data - a survey},
journal   = {Pattern Recognition},
year      = {2005},
}

@article{Rodrigues2008,
	title={Hierarchical clustering of time-series data streams},
	author={Rodrigues, Pedro Pereira and Gama, Jo{\~a}o and Pedroso, Joao},
	journal={TKDE},
	year={2008},
}

@inproceedings{Rakthanmanon2011,
author    = {Thanawin Rakthanmanon and
Eamonn J. Keogh and
Stefano Lonardi and
Scott Evans},
title     = {Time Series Epenthesis: Clustering Time Series Streams Requires Ignoring
Some Data},
booktitle = {ICDM},
pages     = {547--556},
year      = {2011},
}


@article{Shandola2009,
	title={Anomaly detection: A survey},
	author={Chandola, Varun and Banerjee, Arindam and Kumar, Vipin},
	journal={CSUR},
	year={2009},
}

@article{Aggarwal1988,
author    = {Alok Aggarwal and
Jeffrey Scott Vitter},
title     = {The Input/Output Complexity of Sorting and Related Problems},
journal   = {Commun. {ACM}},
volume    = {31},
number    = {9},
pages     = {1116--1127},
year      = {1988}
}

@INPROCEEDINGS{Rao2000,
 author    = {Jun Rao and
Kenneth A. Ross},
title     = {Making B\({}^{\mbox{+}}\)-Trees Cache Conscious in Main Memory},
booktitle = {SIGMOD},
pages     = {475--486},
year      = {2000},
}

@inproceedings{idreos2007,
  author    = {Stratos Idreos and
Martin L. Kersten and
Stefan Manegold},
title     = {Database Cracking},
booktitle = {{CIDR} 2007},
pages     = {68--78},
year      = {2007},
}

@inproceedings{dayan2017,
 author    = {Niv Dayan and
Manos Athanassoulis and
Stratos Idreos},
title     = {Monkey: Optimal Navigable Key-Value Store},
booktitle = {SIGMOD},
pages     = {79--94},
year      = {2017},
}

@inproceedings{leutenegger1997,
author    = {Scott T. Leutenegger and
J. M. Edgington and
Mario A. L{\'{o}}pez},
title     = {{STR:} {A} Simple and Efficient Algorithm for R-Tree Packing},
booktitle = {ICDE},
pages     = {497--506},
year      = {1997},
}
@misc{url:SALD,
	title = {Southwest University Adult Lifespan Dataset (SALD)},
	howpublished={\url{http://fcon_1000.projects.nitrc.org/indi/retro/sald.html}},
	year=2018
}
