
@inproceedings{fresh,
    author = {Panagiota Fatourou and Eleftherios Kosmas and
                  Themis Palpanas and
                  George Paterakis},
    title = {{FreSh: A Lock-Free Data Series Index}},
    booktitle = {{SRDS}},
    year = {2023}
}

@inproceedings{localpairbundle,
  author       = {Georgios Chatzigeorgakidis and
                  Dimitrios Skoutas and
                  Kostas Patroumpas and
                  Themis Palpanas and
                  Spiros Athanasiou and
                  Spiros Skiadopoulos},
  title        = {Local Pair and Bundle Discovery over Co-Evolving Time Series},
  booktitle    = {Proceedings of the 16th International Symposium on Spatial and Temporal
                  Databases, {SSTD}},
  pages        = {160--169},
  publisher    = {{ACM}},
  year         = {2019},
  url          = {https://doi.org/10.1145/3340964.3340982},
  doi          = {10.1145/3340964.3340982},
  timestamp    = {Mon, 21 Feb 2022 14:40:49 +0100},
  biburl       = {https://dblp.org/rec/conf/ssd/Chatzigeorgakidis19.bib},
  bibsource    = {dblp computer science bibliography, https://dblp.org}
}

@article{DBLP:journals/is/AumullerC21,
  author       = {Martin Aum{\"{u}}ller and
                  Matteo Ceccarello},
  title        = {The role of local dimensionality measures in benchmarking nearest
                  neighbor search},
  journal      = {Inf. Syst.},
  volume       = {101},
  pages        = {101807},
  year         = {2021},
  url          = {https://doi.org/10.1016/j.is.2021.101807},
  doi          = {10.1016/J.IS.2021.101807},
  timestamp    = {Sun, 25 Jul 2021 11:37:53 +0200},
  biburl       = {https://dblp.org/rec/journals/is/AumullerC21.bib},
  bibsource    = {dblp computer science bibliography, https://dblp.org}
}

@inproceedings{localgeolocatetedsimilarity,
  author       = {Georgios Chatzigeorgakidis and
                  Dimitrios Skoutas and
                  Kostas Patroumpas and
                  Themis Palpanas and
                  Spiros Athanasiou and
                  Spiros Skiadopoulos},
  title        = {Local Similarity Search on Geolocated Time Series Using Hybrid Indexing},
  booktitle    = {Proceedings of the 27th {ACM} {SIGSPATIAL} International Conference
                  on Advances in Geographic Information Systems, {SIGSPATIAL}},
  pages        = {179--188},
  publisher    = {{ACM}},
  year         = {2019},
  url          = {https://doi.org/10.1145/3347146.3359349},
  doi          = {10.1145/3347146.3359349},
  timestamp    = {Mon, 21 Feb 2022 14:40:50 +0100},
  biburl       = {https://dblp.org/rec/conf/gis/Chatzigeorgakidis19.bib},
  bibsource    = {dblp computer science bibliography, https://dblp.org}
}
@book{aurenhammer2013voronoi,
  title={Voronoi diagrams and Delaunay triangulations},
  author={Aurenhammer, Franz and Klein, Rolf and Lee, Der-Tsai},
  year={2013},
  publisher={World Scientific Publishing Company}
}
@inproceedings{shamos1975closest,
  title={Closest-point problems},
  author={Shamos, Michael Ian and Hoey, Dan},
  booktitle={16th Annual Symposium on Foundations of Computer Science (sfcs 1975)},
  pages={151--162},
  year={1975},
  organization={IEEE}
}




@article{twinsubsequences,
  author       = {Georgios Chatzigeorgakidis and
                  Dimitrios Skoutas and
                  Kostas Patroumpas and
                  Themis Palpanas and
                  Spiros Athanasiou and
                  Spiros Skiadopoulos},
  title        = {Efficient Range and kNN Twin Subsequence Search in Time Series},
  journal      = {{IEEE} Trans. Knowl. Data Eng.},
  volume       = {35},
  number       = {6},
  pages        = {5794--5807},
  year         = {2023},
  url          = {https://doi.org/10.1109/TKDE.2022.3167257},
  doi          = {10.1109/TKDE.2022.3167257},
  timestamp    = {Fri, 02 Jun 2023 21:23:49 +0200},
  biburl       = {https://dblp.org/rec/journals/tkde/ChatzigeorgakidisSPPAS23.bib},
  bibsource    = {dblp computer science bibliography, https://dblp.org}
}

@article{coconut,
  author       = {Haridimos Kondylakis and
                  Niv Dayan and
                  Kostas Zoumpatianos and
                  Themis Palpanas},
  title        = {Coconut: {A} Scalable Bottom-Up Approach for Building Data Series
                  Indexes},
  journal      = {Proc. {VLDB} Endow.},
  volume       = {11},
  number       = {6},
  pages        = {677--690},
  year         = {2018},
  url          = {http://www.vldb.org/pvldb/vol11/p677-kondylakis.pdf},
  doi          = {10.14778/3184470.3184472},
  timestamp    = {Sat, 25 Apr 2020 13:58:51 +0200},
  biburl       = {https://dblp.org/rec/journals/pvldb/KondylakisDZP18.bib},
  bibsource    = {dblp computer science bibliography, https://dblp.org}
}

@article{DBLP:journals/tvcg/JoSF20,
  author    = {Jaemin Jo and
               Jinwook Seo and
               Jean{-}Daniel Fekete},
  title     = {{PANENE:} {A} Progressive Algorithm for Indexing and Querying Approximate
               k-Nearest Neighbors},
  journal   = {{IEEE} Trans. Vis. Comput. Graph.},
  volume    = {26},
  number    = {2},
  year      = {2020}
}

@article{DBLP:journals/kais/LevchenkoKYAMPS21,
  author    = {Oleksandra Levchenko and
               Boyan Kolev and
               Djamel Edine Yagoubi and
               Reza Akbarinia and
               Florent Masseglia and
               Themis Palpanas and
               Dennis E. Shasha and
               Patrick Valduriez},
  title     = {BestNeighbor: efficient evaluation of kNN queries on large time series
               databases},
  journal   = {Knowl. Inf. Syst.},
  volume    = {63},
  number    = {2},
  pages     = {349--378},
  year      = {2021},
  url       = {https://doi.org/10.1007/s10115-020-01518-4},
  doi       = {10.1007/s10115-020-01518-4},
  timestamp = {Thu, 11 Feb 2021 11:54:28 +0100},
  biburl    = {https://dblp.org/rec/journals/kais/LevchenkoKYAMPS21.bib},
  bibsource = {dblp computer science bibliography, https://dblp.org}
}
@article{lshapg,
  title={Towards Efficient Index Construction and Approximate Nearest Neighbor Search in High-Dimensional Spaces},
  author={Zhao, Xi and Tian, Yao and Huang, Kai and Zheng, Bolong and Zhou, Xiaofang},
  journal={Proceedings of the VLDB Endowment},
  volume={16},
  number={8},
  pages={1979--1991},
  year={2023},
  publisher={VLDB Endowment}
}

@article{DBLP:journals/pvldb/PaparrizosBPTEF22,
  author    = {John Paparrizos and
               Paul Boniol and
               Themis Palpanas and
               Ruey Tsay and
               Aaron J. Elmore and
               Michael J. Franklin},
  title     = {Volume Under the Surface: {A} New Accuracy Evaluation Measure for
               Time-Series Anomaly Detection},
  journal   = {Proc. {VLDB} Endow.},
  volume    = {15},
  number    = {11},
  pages     = {2774--2787},
  year      = {2022},
  url       = {https://www.vldb.org/pvldb/vol15/p2774-paparrizos.pdf},
  timestamp = {Mon, 26 Sep 2022 17:09:16 +0200},
  biburl    = {https://dblp.org/rec/journals/pvldb/PaparrizosBPTEF22.bib},
  bibsource = {dblp computer science bibliography, https://dblp.org}
}

@article{DBLP:journals/pvldb/PaparrizosKBTPF22,
	author    = {John Paparrizos and
	Yuhao Kang and
	Paul Boniol and
	Ruey S. Tsay and
	Themis Palpanas and
	Michael J. Franklin},
	title     = {{TSB-UAD:} An End-to-End Benchmark Suite for Univariate Time-Series
	Anomaly Detection},
	journal   = {Proc. {VLDB} Endow.},
	volume    = {15},
	number    = {8},
	pages     = {1697--1711},
	year      = {2022}
}

@inproceedings{DBLP:conf/gis/Chatzigeorgakidis19,
  author    = {Georgios Chatzigeorgakidis and
               Dimitrios Skoutas and
               Kostas Patroumpas and
               Themis Palpanas and
               Spiros Athanasiou and
               Spiros Skiadopoulos},
  title     = {Local Similarity Search on Geolocated Time Series Using Hybrid Indexing},
  booktitle = {Proceedings of the 27th {ACM} {SIGSPATIAL} International Conference
               on Advances in Geographic Information Systems},
  pages     = {179--188},
  year      = {2019}
}

@inproceedings{DBLP:conf/bigdataconf/PengFP18,
  author    = {Botao Peng and
               Panagiota Fatourou and
               Themis Palpanas},
  title     = {ParIS: The Next Destination for Fast Data Series Indexing and Query
               Answering},
  booktitle = {{IEEE} International Conference on Big Data {(IEEE} BigData)},
  year      = {2018}
}

@article{DBLP:journals/pvldb/BoniolPPF21,
  author    = {Paul Boniol and
               John Paparrizos and
               Themis Palpanas and
               Michael J. Franklin},
  title     = {{SAND:} Streaming Subsequence Anomaly Detection},
  journal   = {Proc. {VLDB} Endow.},
  volume    = {14},
  number    = {10},
  pages     = {1717--1729},
  year      = {2021},
  url       = {http://www.vldb.org/pvldb/vol14/p1717-boniol.pdf},
  doi       = {10.14778/3467861.3467863},
  timestamp = {Thu, 21 Apr 2022 17:09:21 +0200},
  biburl    = {https://dblp.org/rec/journals/pvldb/BoniolPPF21.bib},
  bibsource = {dblp computer science bibliography, https://dblp.org}
}

@article{oddysey,
  author    = {Manos Chatzakis and Panagiota Fatourou and Eleftherios Kosmas and Themis Palpanas and Botao Peng},
  title     = {{Odyssey: A Journey in the Land of Distributed Data Series Similarity Search}},
  journal   = {Proc. {VLDB} Endow.},
  year      = {2023}
}

@article{dpisaxjournal,
	author    = {Djamel-Edine Yagoubi and Reza Akbarinia and Florent Masseglia and Themis Palpanas},
	title     = {Massively Distributed Time Series Indexing and Querying},
	journal   = {{TKDE 31(1)}},
	year      = {2020}
}

@article{DBLP:journals/datamine/LinardiZPK20,
  author    = {Michele Linardi and
               Yan Zhu and
               Themis Palpanas and
               Eamonn J. Keogh},
  title     = {Matrix profile goes {MAD:} variable-length motif and discord discovery
               in data series},
  journal   = {Data Min. Knowl. Discov.},
  volume    = {34},
  number    = {4},
  pages     = {1022--1071},
  year      = {2020},
  url       = {https://doi.org/10.1007/s10618-020-00685-w},
  doi       = {10.1007/s10618-020-00685-w},
  timestamp = {Thu, 14 Oct 2021 09:31:51 +0200},
  biburl    = {https://dblp.org/rec/journals/datamine/LinardiZPK20.bib},
  bibsource = {dblp computer science bibliography, https://dblp.org}
}

@article{DBLP:journals/vldb/LinardiP20,
  author    = {Michele Linardi and
               Themis Palpanas},
  title     = {Scalable data series subsequence matching with {ULISSE}},
  journal   = {{VLDB} J.},
  volume    = {29},
  number    = {6},
  pages     = {1449--1474},
  year      = {2020},
  url       = {https://doi.org/10.1007/s00778-020-00619-4},
  doi       = {10.1007/s00778-020-00619-4},
  timestamp = {Thu, 31 Dec 2020 01:35:09 +0100},
  biburl    = {https://dblp.org/rec/journals/vldb/LinardiP20.bib},
  bibsource = {dblp computer science bibliography, https://dblp.org}
}

@article{ulisse,
author = {Linardi, Michele and Palpanas, Themis},
title = {Scalable, Variable-Length Similarity Search in Data Series: The ULISSE Approach},
year = {2018},
issue_date = {September 2018},
publisher = {VLDB Endowment},
volume = {11},
number = {13},
url = {https://doi.org/10.14778/3275366.3284968},
doi = {10.14778/3275366.3284968},
journal = {Proc. VLDB Endow.},
pages = {2236–2248},
}



@article{powerlaw,
  title={Power laws, Pareto distributions and Zipf's law},
  author={Newman, Mark EJ},
  journal={Contemporary physics},
  volume={46},
  number={5},
  pages={323--351},
  year={2005},
  publisher={Taylor \& Francis}
}



@article{pros,
	author    = {Karima Echihabi and Theophanis Tsandilas and Anna Gogolou and Anastasia Bezerianos and Themis Palpanas},
	title     = {{ProS: Data Series Progressive k-NN Similarity Search and Classification with Probabilistic Quality Guarantees}},
	journal   = {{VLDBJ}},
	year      = {2023}
}

@inproceedings{dumpy,
	author    = {Zeyu Wang and Qitong Wang and Peng Wang and 
	Themis Palpanas and Wei Wang},
	title     = {Dumpy: A Compact and Adaptive Index for Large Data Series Collections},
	booktitle = {{ACM SIGMOD}},
	year      = {2023}
}

@inproceedings{DBLP:conf/kdd/WangP21,
	author    = {Qitong Wang and
	Themis Palpanas},
	title     = {Deep Learning Embeddings for Data Series Similarity Search},
	booktitle = {{KDD} '21: The 27th {ACM} {SIGKDD} Conference on Knowledge Discovery
	and Data Mining},
	pages     = {1708--1716},
	year      = {2021}
}

@inproceedings{DBLP:conf/icde/PengFP21,
	author    = {Botao Peng and
	Panagiota Fatourou and
	Themis Palpanas},
	title     = {{SING:} Sequence Indexing Using GPUs},
	booktitle = {37th {IEEE} International Conference on Data Engineering, {ICDE}},
	pages     = {1883--1888},
	year      = {2021}
}

@article{DBLP:journals/corr/JohnsonDJ17,
	author    = {Jeff Johnson and
	Matthijs Douze and
	Herv{\'{e}} J{\'{e}}gou},
	title     = {Billion-Scale Similarity Search with GPUs},
	journal   = {{IEEE} Trans. Big Data},
	volume    = {7},
	number    = {3},
	pages     = {535--547},
	year      = {2021}
}

@inproceedings{DBLP:conf/wims/EchihabiZP20,
	author    = {Karima Echihabi and
	Kostas Zoumpatianos and
	Themis Palpanas},
	title     = {Scalable Machine Learning on High-Dimensional Vectors: From Data Series
	to Deep Network Embeddings},
	booktitle = {{WIMS} 2020: The 10th International Conference on Web Intelligence,
	Mining and Semantics},
	pages     = {1--6},
	publisher = {{ACM}},
	year      = {2020}
}

@inproceedings{conf/sigmod/echihabi2020,
	author    = {Karima Echihabi},
	title     = {{High-Dimensional Similarity Search: From Time Series to Deep Network Embeddings}},
	booktitle = {SIGMOD},
	year      = {2020}
}
@article{hcnng,
  title={Hierarchical clustering-based graphs for large scale approximate nearest neighbor search},
  author={Munoz, Javier Vargas and Gon{\c{c}}alves, Marcos A and Dias, Zanoni and Torres, Ricardo da S},
  journal={Pattern Recognition},
  volume={96},
  pages={106970},
  year={2019},
  publisher={Elsevier}
}
@article{faiss,
  title={Billion-scale similarity search with {GPUs}},
  author={Johnson, Jeff and Douze, Matthijs and J{\'e}gou, Herv{\'e}},
  journal={IEEE Transactions on Big Data},
  volume={7},
  number={3},
  pages={535--547},
  year={2019},
  publisher={IEEE}
}
@inproceedings{alibabaknngml,
  title={Large-scale training system for 100-million classification at alibaba},
  author={Song, Liuyihan and Pan, Pan and Zhao, Kang and Yang, Hao and Chen, Yiming and Zhang, Yingya and Xu, Yinghui and Jin, Rong},
  booktitle={Proceedings of the 26th ACM SIGKDD International Conference on Knowledge Discovery \& Data Mining},
  pages={2909--2930},
  year={2020}
}


@article{clusteringqualitymeasuresstudy,
  title={An extensive comparative study of cluster validity indices},
  author={Arbelaitz, Olatz and Gurrutxaga, Ibai and Muguerza, Javier and P{\'e}rez, Jes{\'u}s M and Perona, I{\~n}igo},
  journal={Pattern recognition},
  volume={46},
  number={1},
  pages={243--256},
  year={2013},
  publisher={Elsevier}
}
@article{dstree,
  title={A data-adaptive and dynamic segmentation index for whole matching on time series},
  author={Wang, Yang and Wang, Peng and Pei, Jian and Wang, Wei and Huang, Sheng},
  journal={Proceedings of the VLDB Endowment},
  volume={6},
  number={10},
  pages={793--804},
  year={2013},
  publisher={VLDB Endowment}
}
@inproceedings{messi,
  title={Messi: In-memory data series indexing},
  author={Peng, Botao and Fatourou, Panagiota and Palpanas, Themis},
  booktitle={2020 IEEE 36th International Conference on Data Engineering (ICDE)},
  pages={337--348},
  year={2020},
  organization={IEEE}
}
@article{paris,
  title={Paris+: Data series indexing on multi-core architectures},
  author={Peng, Botao and Fatourou, Panagiota and Palpanas, Themis},
  journal={IEEE Transactions on Knowledge and Data Engineering},
  volume={33},
  number={5},
  pages={2151--2164},
  year={2020},
  publisher={IEEE}
}
@article{isax2+,
  title={{Beyond One Billion Time Series: Indexing and Mining Very Large Time Series Collections With $i$SAX2+}},
  author={Camerra, Alessandro and Shieh, Jin and Palpanas, Themis and Rakthanmanon, Thanawin and Keogh, Eamonn},
  journal={Knowledge and information systems},
  volume={39},
  number={1},
  pages={123--151},
  year={2014},
  publisher={Springer}
}
@inproceedings{va+file,
  title={Vector approximation based indexing for non-uniform high dimensional data sets},
  author={Ferhatosmanoglu, Hakan and Tuncel, Ertem and Agrawal, Divyakant and El Abbadi, Amr},
  booktitle={Proceedings of the ninth international conference on Information and knowledge management},
  pages={202--209},
  year={2000}
}

@inproceedings{vafile,
	author = {Weber, Roger and Schek, Hans-J\"{o}rg and Blott, Stephen},
	title = {{A Quantitative Analysis and Performance Study for Similarity-Search Methods in High-Dimensional Spaces}},
	booktitle = {Proc. VLDB},
	year = {1998},
	pages = {194--205},
} \chapter{title}


@article{qlash,
  title={Query-aware locality-sensitive hashing for approximate nearest neighbor search},
  author={Huang, Qiang and Feng, Jianlin and Zhang, Yikai and Fang, Qiong and Ng, Wilfred},
  journal={Proceedings of the VLDB Endowment},
  volume={9},
  number={1},
  pages={1--12},
  year={2015},
  publisher={VLDB Endowment}
}
@article{srs,
  title={{SRS: solving c-approximate nearest neighbor queries in high dimensional euclidean space with a tiny index}},
  author={Sun, Yifang and Wang, Wei and Qin, Jianbin and Zhang, Ying and Lin, Xuemin},
  journal={Proceedings of the VLDB Endowment},
  year={2014}
}
@inproceedings{graphrec1,
  title={Meta-graph based recommendation fusion over heterogeneous information networks},
  author={Zhao, Huan and Yao, Quanming and Li, Jianda and Song, Yangqiu and Lee, Dik Lun},
  booktitle={Proceedings of the 23rd ACM SIGKDD international conference on knowledge discovery and data mining},
  pages={635--644},
  year={2017}
}
@inproceedings{graphrec2,
  title={Trading-off among accuracy, similarity, diversity, and long-tail: a graph-based recommendation approach},
  author={Shi, Lei},
  booktitle={Proceedings of the 7th ACM Conference on Recommender Systems},
  pages={57--64},
  year={2013}
}



@inproceedings{kdtree,
  title={Shape indexing using approximate nearest-neighbour search in high-dimensional spaces},
  author={Beis, Jeffrey S and Lowe, David G},
  booktitle={Proceedings of IEEE computer society conference on computer vision and pattern recognition},
  pages={1000--1006},
  year={1997},
  organization={IEEE}
}


@article{hydra2,
	author    = {Karima Echihabi and
	Kostas Zoumpatianos and
	Themis Palpanas and
	Houda Benbrahim},
	title     = {{Return of the Lernaean Hydra: Experimental Evaluation of Data Series Approximate Similarity Search}},
	journal   = {{PVLDB}},
	volume    = {13},
	number    = {3},
	year      = {2019}
}

@article{palpanas2015data,
  title={Data series management: The road to big sequence analytics},
  author={Palpanas, Themis},
  journal={ACM SIGMOD Record},
  volume={44},
  number={2},
  pages={47--52},
  year={2015},
  publisher={ACM New York, NY, USA}
}



@article{itsawreport,
	author    = {Themis Palpanas and Volker Beckmann},
	title     = {{Report on the First and Second Interdisciplinary Time Series Analysis Workshop (ITISA)}},	
	journal = {{ACM SIGMOD Record}},
	volume    = {48},
	number    = {3},
	year = {2019}
}



@article{hydra1,
	author    = {Karima Echihabi and
	Kostas Zoumpatianos and
	Themis Palpanas and
	Houda Benbrahim},
	title     = {{The Lernaean Hydra of Data Series Similarity Search: An Experimental Evaluation of the State of the Art}},
	journal   = {{PVLDB}},
	volume    = {12},
	number    = {2},
	year      = {2018}
}
@inproceedings{aumuller2017ann,
  title={ANN-benchmarks: A benchmarking tool for approximate nearest neighbor algorithms},
  author={Aum{\"u}ller, Martin and Bernhardsson, Erik and Faithfull, Alexander},
  booktitle={International Conference on Similarity Search and Applications},
  pages={34--49},
  year={2017},
  organization={Springer}
}

@inproceedings{conf/icde/echihabi2021,
	author    = {Karima Echihabi and
	Kostas Zoumpatianos and
	Themis Palpanas},
title = {High-Dimensional Similarity Search for Scalable Data Science},
year = {2021},
series = {ICDE}
}
@article{vd95,
  title={Voronoi diagrams and Delaunay triangulations},
  author={Fortune, Steven},
  journal={Computing in Euclidean geometry},
  pages={225--265},
  year={1995},
  publisher={World Scientific}
}

@article{nsg,
  author    = {Cong Fu and
               Chao Xiang and
               Changxu Wang and
               Deng Cai},
  title     = {Fast Approximate Nearest Neighbor Search With The Navigating Spreading-out
               Graph},
  journal   = {Proc. {VLDB} Endow.},
  volume    = {12},
  number    = {5},
  pages     = {461--474},
  year      = {2019}
}
@article{nssg,
  title={High Dimensional Similarity Search with Satellite System Graph: Efficiency, Scalability, and Unindexed Query Compatibility},
  author={Fu, Cong and Wang, Changxu and Cai, Deng},
  journal={IEEE Transactions on Pattern Analysis and Machine Intelligence},
  year={2021},
  publisher={IEEE}
}


@article{hnsw,
  author    = {Yury A. Malkov and
               Dmitry A. Yashunin},
  title     = {Efficient and Robust Approximate Nearest Neighbor Search Using Hierarchical
               Navigable Small World Graphs},
  journal   = {{IEEE} Trans. Pattern Anal. Mach. Intell.},
  volume    = {42},
  number    = {4},
  pages     = {824--836},
  year      = {2020}
}

@article{toussaint02,
  title={Proximity graphs for nearest neighbor decision rules: recent progress},
  author={Toussaint, Godfried T},
  journal={Interface},
  volume={34},
  year={2002}
}

@article{gabriel69,
  title={A new statistical approach to geographic variation analysis},
  author={Gabriel, K Ruben and Sokal, Robert R},
  journal={Systematic zoology},
  volume={18},
  number={3},
  pages={259--278},
  year={1969},
  publisher={Society of Systematic Zoology}
}

@article{matula80,
  title={Properties of Gabriel graphs relevant to geographic variation research and the clustering of points in the plane},
  author={Matula, David W and Sokal, Robert R},
  journal={Geographical analysis},
  volume={12},
  number={3},
  pages={205--222},
  year={1980},
  publisher={Wiley Online Library}
}
@article{dobkin1990delaunay,
  title={Delaunay graphs are almost as good as complete graphs},
  author={Dobkin, David P and Friedman, Steven J and Supowit, Kenneth J},
  journal={Discrete \& Computational Geometry},
  volume={5},
  number={4},
  pages={399--407},
  year={1990},
  publisher={Springer}
}
@article{tptree,
  title={Trinary-projection trees for approximate nearest neighbor search},
  author={Wang, Jingdong and Wang, Naiyan and Jia, You and Li, Jian and Zeng, Gang and Zha, Hongbin and Hua, Xian-Sheng},
  journal={IEEE transactions on pattern analysis and machine intelligence},
  volume={36},
  number={2},
  pages={388--403},
  year={2013},
  publisher={IEEE}
}

@article{rng,
  title={The relative neighbourhood graph of a finite planar set},
  author={Toussaint, Godfried T},
  journal={Pattern recognition},
  volume={12},
  number={4},
  pages={261--268},
  year={1980},
  publisher={Elsevier}
}
@article{lankford69,
  title={Regionalization: theory and alternative algorithms},
  author={Lankford, Philip M},
  journal={Geographical Analysis},
  volume={1},
  number={2},
  pages={196--212},
  year={1969},
  publisher={Blackwell Publishing Ltd Oxford, UK}
}

@article{bose2012,
  title={Proximity graphs: E, $\delta$, $\Delta$, $\chi$ and $\omega$},
  author={Bose, Prosenjit and Dujmovi{\'c}, Vida and Hurtado, Ferran and Iacono, John and Langerman, Stefan and Meijer, Henk and Sacrist{\'a}n, Vera and Saumell, Maria and Wood, David R},
  journal={International Journal of Computational Geometry \& Applications},
  volume={22},
  number={05},
  pages={439--469},
  year={2012},
  publisher={World Scientific}
}
@inproceedings{nndescent,
  title={Efficient k-nearest neighbor graph construction for generic similarity measures},
  author={Dong, Wei and Moses, Charikar and Li, Kai},
  booktitle={Proceedings of the 20th international conference on World wide web},
  pages={577--586},
  year={2011}
}
@article{ieh,
  title={Fast and accurate hashing via iterative nearest neighbors expansion},
  author={Jin, Zhongming and Zhang, Debing and Hu, Yao and Lin, Shiding and Cai, Deng and He, Xiaofei},
  journal={IEEE transactions on cybernetics},
  volume={44},
  number={11},
  pages={2167--2177},
  year={2014},
  publisher={IEEE}
}
@inproceedings{gnns,
  title={Fast approximate nearest-neighbor search with k-nearest neighbor graph},
  author={Hajebi, Kiana and Abbasi-Yadkori, Yasin and Shahbazi, Hossein and Zhang, Hong},
  booktitle={Twenty-Second International Joint Conference on Artificial Intelligence},
  year={2011}
}
@inproceedings{iehlsh,
  title={Similarity search in high dimensions via hashing},
  author={Gionis, Aristides and Indyk, Piotr and Motwani, Rajeev and others},
  booktitle={Vldb},
  volume={99},
  number={6},
  pages={518--529},
  year={1999}
}
@inproceedings{iehitq,
  title={Fast kNN graph construction with locality sensitive hashing},
  author={Zhang, Yan-Ming and Huang, Kaizhu and Geng, Guanggang and Liu, Cheng-Lin},
  booktitle={Joint European Conference on Machine Learning and Knowledge Discovery in Databases},
  pages={660--674},
  year={2013},
  organization={Springer}
}
@article{efanna,
  title={Efanna: An extremely fast approximate nearest neighbor search algorithm based on knn graph},
  author={Fu, Cong and Cai, Deng},
  journal={arXiv preprint arXiv:1609.07228},
  year={2016}
}

@article{watts98,
  title={Collective dynamics of ‘small-world’networks},
  author={Watts, Duncan J and Strogatz, Steven H},
  journal={nature},
  volume={393},
  number={6684},
  pages={440--442},
  year={1998},
  publisher={Nature Publishing Group}
}
@article{bollobas88,
  title={The diameter of a cycle plus a random matching},
  author={Bollob{\'a}s, B{\'e}la and Chung, Fan R. K.},
  journal={SIAM Journal on discrete mathematics},
  volume={1},
  number={3},
  pages={328--333},
  year={1988},
  publisher={SIAM}
}
@article{barrat00,
  title={On the properties of small-world network models},
  author={Barrat, Alain and Weigt, Martin},
  journal={The European Physical Journal B-Condensed Matter and Complex Systems},
  volume={13},
  number={3},
  pages={547--560},
  year={2000},
  publisher={Springer}
}
@book{hexmoor,
  title={Computational network science: an algorithmic approach},
  author={Hexmoor, Henry},
  year={2014},
  publisher={Morgan Kaufmann}
}
@article{kleinberg2000,
  title={Navigation in a small world},
  author={Kleinberg, Jon M},
  journal={Nature},
  volume={406},
  number={6798},
  pages={845--845},
  year={2000},
  publisher={Nature Publishing Group}
}
@article{kleinberg2002,
  title={Small-world phenomena and the dynamics of information},
  author={Kleinberg, Jon and others},
  journal={Advances in neural information processing systems},
  volume={1},
  pages={431--438},
  year={2002},
  publisher={MIT; 1998}
}
@article{kmeanshistory,
  title={Clustering methods: a history of k-means algorithms},
  author={Bock, Hans-Hermann},
  journal={Selected contributions in data analysis and classification},
  pages={161--172},
  year={2007},
  publisher={Springer}
}

@inproceedings{voronet,
  title={VoroNet: A scalable object network based on Voronoi tessellations},
  author={Beaumont, Olivier and Kermarrec, Anne-Marie and Marchal, Loris and Rivi{\`e}re, {\'E}tienne},
  booktitle={2007 IEEE International Parallel and Distributed Processing Symposium},
  pages={1--10},
  year={2007},
  organization={IEEE}
}
@article{shimomura2021survey,
  title={A survey on graph-based methods for similarity searches in metric spaces},
  author={Shimomura, Larissa C and Oyamada, Rafael Seidi and Vieira, Marcos R and Kaster, Daniel S},
  journal={Information Systems},
  volume={95},
  pages={101507},
  year={2021},
  publisher={Elsevier}
}
@article{reddy77bm,
  title={Speech understanding systems: A summary of results of the five-year research effort},
  author={Reddy, D Raj and others},
  journal={Department of Computer Science. Camegie-Mell University, Pittsburgh, PA},
  volume={17},
  pages={138},
  year={1977}
}
@article{skipedlist,
  title={Skip lists: a probabilistic alternative to balanced trees},
  author={Pugh, William},
  journal={Communications of the ACM},
  volume={33},
  number={6},
  pages={668--676},
  year={1990},
  publisher={ACM New York, NY, USA}
}

@inproceedings{beaumont07,
  title={Peer to peer multidimensional overlays: Approximating complex structures},
  author={Beaumont, Olivier and Kermarrec, Anne-Marie and Rivi{\`e}re, {\'E}tienne},
  booktitle={International Conference On Principles Of Distributed Systems},
  pages={315--328},
  year={2007},
  organization={Springer}
}
@inproceedings{nsw11,
  title={Approximate nearest neighbor search small world approach},
  author={Ponomarenko, Alexander and Malkov, Yury and Logvinov, Andrey and Krylov, Vladimir},
  booktitle={International Conference on Information and Communication Technologies \& Applications},
  volume={17},
  year={2011}
}
@article{nsw14,
  title={Approximate nearest neighbor algorithm based on navigable small world graphs},
  author={Malkov, Yury and Ponomarenko, Alexander and Logvinov, Andrey and Krylov, Vladimir},
  journal={Information Systems},
  volume={45},
  pages={61--68},
  year={2014},
  publisher={Elsevier}
}
@inproceedings{dasgupta2008random,
  title={Random projection trees and low dimensional manifolds},
  author={Dasgupta, Sanjoy and Freund, Yoav},
  booktitle={Proceedings of the fortieth annual ACM symposium on Theory of computing},
  pages={537--546},
  year={2008}
}
@article{bentley1975multidimensional,
  title={Multidimensional binary search trees used for associative searching},
  author={Bentley, Jon Louis},
  journal={Communications of the ACM},
  volume={18},
  number={9},
  pages={509--517},
  year={1975},
  publisher={ACM New York, NY, USA}
}



@article{lin19,
  title={Graph based nearest neighbor search: Promises and failures},
  author={Lin, Peng-Cheng and Zhao, Wan-Lei},
  journal={arXiv preprint arXiv:1904.02077},
  year={2019}
}
@inproceedings{prokh20,
  title={Graph-based nearest neighbor search: From practice to theory},
  author={Prokhorenkova, Liudmila and Shekhovtsov, Aleksandr},
  booktitle={International Conference on Machine Learning},
  pages={7803--7813},
  year={2020},
  organization={PMLR}
}

@article{dpg,
  title={{Approximate nearest neighbor search on high dimensional data: experiments, analyses, and improvement}},
  author={Li, Wen and Zhang, Ying and Sun, Yifang and Wang, Wei and Li, Mingjie and Zhang, Wenjie and Lin, Xuemin},
  journal={IEEE Transactions on Knowledge and Data Engineering},
  volume={32},
  number={8},
  pages={1475--1488},
  year={2019},
  publisher={IEEE}
}
@article{graham1985history,
  title={On the history of the minimum spanning tree problem},
  author={Graham, Ronald L and Hell, Pavol},
  journal={Annals of the History of Computing},
  volume={7},
  number={1},
  pages={43--57},
  year={1985},
  publisher={IEEE}
}

@article{lee1980two,
  title={Two algorithms for constructing a Delaunay triangulation},
  author={Lee, Der-Tsai and Schachter, Bruce J},
  journal={International Journal of Computer \& Information Sciences},
  volume={9},
  number={3},
  pages={219--242},
  year={1980},
  publisher={Springer}
}

@article{erconnect,
  title={On large deviation properties of erd{\"o}s--r{\'e}nyi random graphs},
  author={Engel, Andreas and Monasson, R{\'e}mi and Hartmann, Alexander K},
  journal={Journal of Statistical Physics},
  volume={117},
  number={3},
  pages={387--426},
  year={2004},
  publisher={Springer}
}
@inproceedings{vamana,
  title={Diskann: Fast accurate billion-point nearest neighbor search on a single node},
  author={Subramanya, Suhas Jayaram and Kadekodi, Rohan and Krishaswamy, Ravishankar and Simhadri, Harsha Vardhan},
  booktitle={Proceedings of the 33rd International Conference on Neural Information Processing Systems},
  pages={13766--13776},
  year={2019}
}

@article{berrendorf2014level,
  title={Level-synchronous parallel breadth-first search algorithms for multicore and multiprocessor systems},
  author={Berrendorf, Rudolf and Makulla, Mathias},
  year={2014}
}

@article{SPTAG1,
  title={Trinary-projection trees for approximate nearest neighbor search},
  author={Wang, Jingdong and Wang, Naiyan and Jia, You and Li, Jian and Zeng, Gang and Zha, Hongbin and Hua, Xian-Sheng},
  journal={IEEE transactions on pattern analysis and machine intelligence},
  volume={36},
  number={2},
  pages={388--403},
  year={2013},
  publisher={IEEE}
}
@inproceedings{SPTAG2,
  title={Scalable k-nn graph construction for visual descriptors},
  author={Wang, Jing and Wang, Jingdong and Zeng, Gang and Tu, Zhuowen and Gan, Rui and Li, Shipeng},
  booktitle={2012 IEEE Conference on Computer Vision and Pattern Recognition},
  pages={1106--1113},
  year={2012},
  organization={IEEE}
}

@inproceedings{SPTAG3,
  title={Query-driven iterated neighborhood graph search for large scale indexing},
  author={Wang, Jingdong and Li, Shipeng},
  booktitle={Proceedings of the 20th ACM international conference on Multimedia},
  pages={179--188},
  year={2012}
}

@manual{SPTAG4,
  author    = {Qi Chen and
               Haidong Wang and
               Mingqin Li and 
               Gang Ren and
               Scarlett Li and
               Jeffery Zhu and
               Jason Li and
               Chuanjie Liu and
               Lintao Zhang and
               Jingdong Wang},
  title     = {SPTAG: A library for fast approximate nearest neighbor search},
  url       = {https://github.com/Microsoft/SPTAG},
  year      = {2018}
}

@misc{url/data/deep1b,
	author = {{Skoltech Computer Vision}},
	title = {{Deep billion-scale indexing}},
	howpublished = {\url{http://sites.skoltech.ru/compvision/noimi}},
	year = {2018},
}
@misc{url/data/sift,
	author = {{TEXMEX Research Team}},
	title = {{Datasets for approximate nearest neighbor search}},
	howpublished = {\url{http://corpus-texmex.irisa.fr/}},
	year = {2018},
}
@misc{url/data/eeg,
	author = {Southwest University},
	title = {{Southwest University Adult Lifespan Dataset (SALD)}},
	howpublished = {\url{http://fcon_1000.projects.nitrc.org/indi/retro/sald.html?utm_source=newsletter&utm_medium=email&utm_content=See%20Data&utm_campaign=indi-1}},
	year = {2018},
}




@INPROCEEDINGS{conf/icassp/jegou2011,
	author={H. {Jegou} and R. {Tavenard} and M. {Douze} and L. {Amsaleg}},
	booktitle={2011 IEEE International Conference on Acoustics, Speech and Signal Processing (ICASSP)},
	title={{Searching in one billion vectors: Re-rank with source coding}},
	year={2011},
	volume={},
	number={},
	pages={861-864},
	keywords={indexing;source coding;source coding;compressed-domain indexing method;post verification scheme;high dimensional indexing algorithm;vector representation;Indexing;Approximation methods;Source coding;Quantization;Artificial neural networks;Approximation algorithms;nearest neighbor search;quantization;source coding;high dimensional indexing;large databases},
	doi={10.1109/ICASSP.2011.5946540},
	ISSN={2379-190X},
	month={May},}

@misc{url/data/seismic,
	author = {Incorporated Research Institutions for Seismology with Artificial Intelligence},
	title = {{Seismic Data Access}},
	howpublished = {\url{http://ds.iris.edu/data/access/}},
	year = {2018},
}
@misc{kgraph,
	author = {W. Dong},
	title = {{Kgraph, an open source library for k-nn graph construction and nearest neighbor search}},
	howpublished = {\url{www.kgraph.org}},
	year = {2022},
}

@article{hercules,
	author    = {Karima Echihabi and
	Panagiota Fatourou and
	Kostas Zoumpatianos and
	Themis Palpanas and
	Houda Benbrahim},
	title     = {{Hercules Against Data Series Similarity Search}},
	journal   = {{PVLDB}},
	volume    = {15},
	number    = {10},
	year      = {2022}
}




@INPROCEEDINGS{conf/icmd/Beckmann1990,
	author = {Norbert Beckmann and Hans-Peter Kriegel and Ralf Schneider and Bernhard Seeger},
	title = {{The R*-tree: an efficient and robust access method for points and rectangles}},
	booktitle = {INTERNATIONAL CONFERENCE ON MANAGEMENT OF DATA},
	year = {1990},
	pages = {322--331},
	publisher = {ACM}
}


@inproceedings{journal/edbt/Schafer2012,
	author = {Sch\"{a}fer, Patrick and H\"{o}gqvist, Mikael},
	title = {{SFA: A Symbolic Fourier Approximation and Index for Similarity Search in High Dimensional Datasets}},
	booktitle = {Proceedings of the 15th International Conference on Extending Database Technology},
	series = {EDBT '12},
	year = {2012}
}

@article{journal/kais/Camerra2014,
	added-at = {2014-03-19T00:00:00.000+0100},
	author = {Camerra, Alessandro and Shieh, Jin and Palpanas, Themis and Rakthanmanon, Thanawin and Keogh, Eamonn J.},
	biburl = {http://www.bibsonomy.org/bibtex/259828aa528dacf7dcdd0a19ab9e1c46b/dblp},
	ee = {http://dx.doi.org/10.1007/s10115-012-0606-6},
	interhash = {a2dff84c7866aa173fb7ecf959a1c709},
	intrahash = {59828aa528dacf7dcdd0a19ab9e1c46b},
	journal = {Knowl. Inf. Syst.},
	keywords = {dblp},
	number = 1,
	pages = {123-151},
	timestamp = {2015-06-18T05:53:16.000+0200},
	title = {{Beyond one billion time series: indexing and mining very large time series collections with iSAX2+.}},
	url = {http://dblp.uni-trier.de/db/journals/kais/kais39.html#CamerraSPRK14},
	volume = 39,
	year = 2014
}

@article{journal/vldb/Zoumpatianos2016,
	author    = {Kostas Zoumpatianos and
	Stratos Idreos and
	Themis Palpanas},
	title     = {{ADS:} the adaptive data series index},
	journal   = {{The VLDB Journal}},
	volume    = {25},
	number    = {6},
	pages     = {843--866},
	year      = {2016},
	url       = {http://dx.doi.org/10.1007/s00778-016-0442-5},
	doi       = {10.1007/s00778-016-0442-5},
	timestamp = {Thu, 10 Nov 2016 09:12:43 +0100},
	biburl    = {http://dblp2.uni-trier.de/rec/bib/journals/vldb/ZoumpatianosIP16},
	bibsource = {dblp computer science bibliography, http://dblp.org}
}

@inproceedings{conf/vldb/Ciaccia1997,
	author = "Paolo Ciaccia and Marco Patella and Pavel Zezula",
	title = {{M-tree: An Efficient Access Method for Similarity Search in Metric Spaces}},
	booktitle = "Proceedings of the 23rd International Conference on Very Large Data Bases ({VLDB'97})",
	address = "Athens, Greece",
	pages = "426--435",
	year = 1997,
	month = aug,
	editor = "Matthias Jarke and Michael Carey and Klaus R. Dittrich and Fred Lochovsky and Pericles Loucopoulos and Manfred A. Jeusfeld",
	publisher = "Morgan Kaufmann Publishers, Inc."}
@inproceedings{conf/sigmod/Faloutsos1994,
	address = {New York, NY, USA},
	author = {Faloutsos, Christos and Ranganathan, M. and Manolopoulos, Yannis},
	biburl = {http://www.bibsonomy.org/bibtex/2c1597485a2353413f290298f106a8c2a/jpcik},
	booktitle = {SIGMOD},
	doi = {10.1145/191839.191925},
	groups = {public},
	numpages = {11},
	pages = {419--429},
	publisher = {ACM},
	title = {{Fast subsequence matching in time-series databases}},
	url = {http://doi.acm.org/10.1145/191839.191925},
	year = 1994
}

@INPROCEEDINGS{conf/icde/Chan1999,
	author={Kin-Pong Chan and Ada Wai-Chee Fu},
	booktitle={Proceedings 15th International Conference on Data Engineering (Cat. No.99CB36337)},
	title={{Efficient time series matching by wavelets}},
	year={1999},
	volume={},
	number={},
	pages={126-133},
	keywords={query processing;singular value decomposition;statistical databases;time series;wavelet transforms;Haar Wavelet Transform;Singular Value Decomposition;fast retrieval;nearest neighbor query;time series databases;time series indexing;time series matching;wavelets;Discrete Fourier transforms;Discrete transforms;Discrete wavelet transforms;Euclidean distance;Fourier transforms;Indexing;Karhunen-Loeve transforms;Multidimensional systems;Singular value decomposition;Wavelet transforms},
	doi={10.1109/ICDE.1999.754915},
	ISSN={1063-6382},
	month={Mar},}

@article{journal/corr/Rafiei1998,
	author    = {Davood Rafiei and
	Alberto O. Mendelzon},
	title     = {{Efficient Retrieval of Similar Time Sequences Using DFT}},
	journal   = {CoRR},
	volume    = {cs.DB/9809033},
	year      = {1998},
	url       = {http://arxiv.org/abs/cs.DB/9809033},
	timestamp = {Wed, 07 Jun 2017 14:40:27 +0200},
	biburl    = {http://dblp.org/rec/bib/journals/corr/cs-DB-9809033},
	bibsource = {dblp computer science bibliography, http://dblp.org}
}

@article{conf/sigmod/Rafiei1997,
	author = {Rafiei, Davood and Mendelzon, Alberto},
	title = {{Similarity-based Queries for Time Series Data}},
	journal = {SIGMOD Rec.},
	issue_date = {June 1997},
	volume = {26},
	number = {2},
	month = jun,
	year = {1997},
	issn = {0163-5808},
	pages = {13--25},
	numpages = {13},
	url = {http://doi.acm.org/10.1145/253262.253264},
	doi = {10.1145/253262.253264},
	acmid = {253264},
	publisher = {ACM},
	address = {New York, NY, USA},
}

@article{conf/fodo/Agrawal1993,
	author="Agrawal, Rakesh
	and Faloutsos, Christos
	and Swami, Arun",
	editor="Lomet, David B.",
	title={Efficient similarity search in sequence databases},
	bookTitle="Foundations of Data Organization and Algorithms: 4th International Conference, FODO '93 Chicago, Illinois, USA, October 13--15, 1993 Proceedings",
	year="1993",
	publisher="Springer Berlin Heidelberg",
	address="Berlin, Heidelberg",
	pages="69--84",
	isbn="978-3-540-48047-1",
	doi="10.1007/3-540-57301-1_5",
	url="https://doi.org/10.1007/3-540-57301-1_5"
}

@article{journal/acds/Chakrabarti2002,
	author = {Chakrabarti, Kaushik and Keogh, Eamonn and Mehrotra, Sharad and Pazzani, Michael},
	title = {{Locally Adaptive Dimensionality Reduction for Indexing Large Time Series Databases}},
	journal = {ACM Trans. Database Syst.},
	issue_date = {June 2002},
	volume = {27},
	number = {2},
	month = jun,
	year = {2002},
	issn = {0362-5915},
	pages = {188--228},
	numpages = {41},
	url = {http://doi.acm.org/10.1145/568518.568520},
	doi = {10.1145/568518.568520},
	acmid = {568520},
	publisher = {ACM},
	address = {New York, NY, USA},
	keywords = {Dimensionality reduction, indexing, time-series similarity retrieval},
}

@Article{journal/kais/Keogh2001,
	author="Keogh, Eamonn
	and Chakrabarti, Kaushik
	and Pazzani, Michael
	and Mehrotra, Sharad",
	title={{Dimensionality Reduction for Fast Similarity Search in Large Time Series Databases}},
	journal="Knowledge and Information Systems",
	year="2001",
	volume="3",
	number="3",
	pages="263--286",
	issn="0219-1377",
	doi="10.1007/PL00011669",
	url="http://dx.doi.org/10.1007/PL00011669"
}

@inproceedings{conf/dmkd/LinKLC03,
	author    = {Jessica Lin and
	Eamonn J. Keogh and
	Stefano Lonardi and
	Bill Yuan{-}chi Chiu},
	title     = {{A symbolic representation of time series, with implications for streaming
	algorithms}},
	booktitle = {Proceedings of the 8th {ACM} {SIGMOD} workshop on Research issues
	in data mining and knowledge discovery, {DMKD}, San Diego, California,
	USA},
	year      = {2003}
}

@book{bestfirst,
	title={Heuristics: intelligent search strategies for computer problem solving},
	author={Pearl, Judea},
	year={1984},
	publisher={Addison-Wesley Longman Publishing Co., Inc.}
}

@book{book/multiD/samet2005,
	author = {Samet, Hanan},
	title = {{Foundations of Multidimensional and Metric Data Structures (The Morgan Kaufmann Series in Computer Graphics and Geometric Modeling)}},
	year = {2005},
	isbn = {0123694469},
	publisher = {Morgan Kaufmann Publishers Inc.},
	address = {San Francisco, CA, USA},
} 


@article{isaxfamily,
	author    = {Themis Palpanas},
	title     = {{Evolution of a Data Series Index: the iSAX Family of Data Series Indexes}},
	journal   = {{Communications in Computer and Information Science (CCIS)}},
	volume    = {},
	number    = {},
	year      = {"accepted for publication, 2020"}
}

@inproceedings{conf/icdm/Camerra2010,
	added-at = {2014-09-17T00:00:00.000+0200},
	author = {Camerra, Alessandro and Palpanas, Themis and Shieh, Jin and Keogh, Eamonn J.},
	biburl = {https://www.bibsonomy.org/bibtex/21b89b9ed41be5bd39b7981e408c1855e/dblp},
	booktitle = {ICDM},
	crossref = {conf/icdm/2010},
	editor = {Webb, Geoffrey I. and Liu, Bing and Zhang, Chengqi and Gunopulos, Dimitrios and Wu, Xindong},
	ee = {http://doi.ieeecomputersociety.org/10.1109/ICDM.2010.124},
	interhash = {5a4fdfe0400ae715396a83ebfdb25f8c},
	intrahash = {1b89b9ed41be5bd39b7981e408c1855e},
	isbn = {978-0-7695-4256-0},
	keywords = {dblp},
	pages = {58-67},
	publisher = {IEEE Computer Society},
	timestamp = {2015-06-18T20:57:12.000+0200},
	title = {{iSAX 2.0: Indexing and Mining One Billion Time Series.}},
	url = {http://dblp.uni-trier.de/db/conf/icdm/icdm2010.html#CamerraPSK10},
	year = 2010
}

@inproceedings{conf/kdd/shieh1998,
	author = {Shieh, Jin and Keogh, Eamonn},
	title = {{iSAX: Indexing and Mining Terabyte Sized Time Series}},
	booktitle = {Proceedings of the 14th ACM SIGKDD International Conference on Knowledge Discovery and Data Mining},
	series = {KDD '08},
	year = {2008}
}
\\
@INPROCEEDINGS{flann,
	author = {Marius Muja and David G. Lowe},
	title = {{Fast approximate nearest neighbors with automatic algorithm configuration}},
	booktitle = {VISAPP International Conference on Computer Vision Theory and Applications},
	year = {2009},
	pages = {331--340}
}
@INPROCEEDINGS{random-kd-trees,
	author={C. {Silpa-Anan} and R. {Hartley}},
	booktitle={2008 IEEE Conference on Computer Vision and Pattern Recognition},
	title={{Optimised KD-trees for fast image descriptor matching}},
	year={2008},
	volume={},
	number={},
	pages={1-8},
	keywords={image matching;principal component analysis;trees (mathematics);image descriptor matching;multiple KD-trees;SIFT descriptors;principal component analysis;Application software;Image recognition;Image databases;Indexing;Principal component analysis;Binary search trees;Binary trees;Computer vision;Image retrieval;Search methods},
	doi={10.1109/CVPR.2008.4587638},
	ISSN={1063-6919},
	month={June},}

@article{hdindex,
	author = {Arora, Akhil and Sinha, Sakshi and Kumar, Piyush and Bhattacharya, Arnab},
	title = {{HD-index: Pushing the Scalability-accuracy Boundary for Approximate kNN Search in High-dimensional Spaces}},
	journal = {PVLDB},
	volume = {11},
	number = {8},
	year = {2018},
	issn = {2150-8097},
	pages = {906--919},
	numpages = {14},
} 

@article{highd-vldb-tutorial,
	author    = {Karima Echihabi and
	Themis Palpanas and
	Kostas Zoumpatianos},
	title     = {{New Trends in High-D Vector Similarity Search: AI-driven, Progressive,
	and Distributed}},
	journal   = {Proc. {VLDB} Endow.},
	volume    = {14},
	number    = {12},
	pages     = {3198--3201},
	year      = {2021},
	url       = {http://www.vldb.org/pvldb/vol14/p3198-echihabi.pdf},
}


@article{ann-benchmark-journal,
	author    = {Martin Aum{\"{u}}ller and
	Erik Bernhardsson and
	Alexander John Faithfull},
	title     = {ANN-Benchmarks: {A} benchmarking tool for approximate nearest neighbor
	algorithms},
	journal   = {Inf. Syst.},
	volume    = {87},
	year      = {2020},
	url       = {https://doi.org/10.1016/j.is.2019.02.006},
	doi       = {10.1016/j.is.2019.02.006},
	timestamp = {Tue, 19 Nov 2019 08:34:05 +0100},
	biburl    = {https://dblp.org/rec/journals/is/AumullerBF20.bib},
	bibsource = {dblp computer science bibliography, https://dblp.org}
}

@article{graph-survey-vldb,
	author = {Wang, Mengzhao and Xu, Xiaoliang and Yue, Qiang and Wang, Yuxiang},
	title = {A Comprehensive Survey and Experimental Comparison of Graph-Based Approximate Nearest Neighbor Search},
	year = {2021},
	issue_date = {July 2021},
	publisher = {VLDB Endowment},
	volume = {14},
	number = {11},
	issn = {2150-8097},
	url = {https://doi.org/10.14778/3476249.3476255},
	doi = {10.14778/3476249.3476255},
	journal = {Proc. VLDB Endow.},
	month = {jul},
	pages = {1964–1978},
	numpages = {15}
}



@inproceedings{mtree-pac,
	author    = {Paolo Ciaccia and
	Marco Patella},
	editor    = {David B. Lomet and
	Gerhard Weikum},
	title     = {{PAC} Nearest Neighbor Queries: Approximate and Controlled Search
	in High-Dimensional and Metric Spaces},
	booktitle = {Proceedings of the 16th International Conference on Data Engineering,
	San Diego, California, USA, February 28 - March 3, 2000},
	pages     = {244--255},
	publisher = {{IEEE} Computer Society},
	year      = {2000},
	url       = {https://doi.org/10.1109/ICDE.2000.839417},
	doi       = {10.1109/ICDE.2000.839417},
	timestamp = {Wed, 16 Oct 2019 14:14:56 +0200},
	biburl    = {https://dblp.org/rec/conf/icde/CiacciaP00.bib},
	bibsource = {dblp computer science bibliography, https://dblp.org}
}

@article{speed-ann,
	author    = {Zhen Peng and
	Minjia Zhang and
	Kai Li and
	Ruoming Jin and
	Bin Ren},
	title     = {Speed-ANN: Low-Latency and High-Accuracy Nearest Neighbor Search via
	Intra-Query Parallelism},
	journal   = {CoRR},
	volume    = {abs/2201.13007},
	year      = {2022},
	url       = {https://arxiv.org/abs/2201.13007},
	eprinttype = {arXiv},
	eprint    = {2201.13007},
	timestamp = {Wed, 02 Feb 2022 15:00:01 +0100},
	biburl    = {https://dblp.org/rec/journals/corr/abs-2201-13007.bib},
	bibsource = {dblp computer science bibliography, https://dblp.org}
}

@article{johannesjoural2018,
	author = {Zoumpatianos, Kostas and Lou, Yin and Ileana, Ioana and Palpanas, Themis and Gehrke, Johannes},
	title = {Generating Data Series Query Workloads},
	journal = {The VLDB Journal},
	issue_date = {December  2018},
	volume = {27},
	number = {6},
	month = dec,
	year = {2018},
	issn = {1066-8888},
	pages = {823--846},
	numpages = {24},
	url = {https://doi.org/10.1007/s00778-018-0513-x},
	doi = {10.1007/s00778-018-0513-x},
	acmid = {3296610},
	publisher = {Springer-Verlag},
	address = {Berlin, Heidelberg},
	keywords = {Data series, Indexing, Query workload generation, Similarity search, Time series},
} 

@inproceedings{DBLP:conf/edbt/GogolouTPB19,
	author    = {Anna Gogolou and
	Theophanis Tsandilas and
	Themis Palpanas and
	Anastasia Bezerianos},
	title     = {{Progressive Similarity Search on Time Series Data}},
	booktitle = {Proceedings of the Workshops of the {EDBT/ICDT} 2019 Joint Conference},
	year      = {2019}
}

@article{neurips-2021-ann-competition,
	author    = {Harsha Vardhan Simhadri and
	George Williams and
	Martin Aum{\"{u}}ller and
	Matthijs Douze and
	Artem Babenko and
	Dmitry Baranchuk and
	Qi Chen and
	Lucas Hosseini and
	Ravishankar Krishnaswamy and
	Gopal Srinivasa and
	Suhas Jayaram Subramanya and
	Jingdong Wang},
	title     = {Results of the NeurIPS'21 Challenge on Billion-Scale Approximate Nearest
	Neighbor Search},
	journal   = {CoRR},
	volume    = {abs/2205.03763},
	year      = {2022},
	url       = {https://doi.org/10.48550/arXiv.2205.03763},
	doi       = {10.48550/arXiv.2205.03763},
	eprinttype = {arXiv},
	eprint    = {2205.03763},
	timestamp = {Wed, 11 May 2022 01:00:00 +0200},
	biburl    = {https://dblp.org/rec/journals/corr/abs-2205-03763.bib},
	bibsource = {dblp computer science bibliography, https://dblp.org}
}
@inproceedings{recall,
  title={PERFORMANCE MEASURES FOR INFORMATION EXTRACTION},
  author={John Makhoul and Francis Kubala and Richard Evan Schwartz and Ralph M. Weischedel},
  year={2007}
}
@misc{url/Elpis,
	title = {{ELPIS Archive}},
	howpublished = {\url{http://www.mi.parisdescartes.fr/~themisp/elpis/}},
	year = {2022},
}
@inproceedings{resnet,
  title={Deep residual learning for image recognition},
  author={He, Kaiming and Zhang, Xiangyu and Ren, Shaoqing and Sun, Jian},
  booktitle={Proceedings of the IEEE conference on computer vision and pattern recognition},
  pages={770--778},
  year={2016}
}

@article{imagenet,
  title={Imagenet large scale visual recognition challenge},
  author={Russakovsky, Olga and Deng, Jia and Su, Hao and Krause, Jonathan and Satheesh, Sanjeev and Ma, Sean and Huang, Zhiheng and Karpathy, Andrej and Khosla, Aditya and Bernstein, Michael and others},
  journal={International journal of computer vision},
  volume={115},
  pages={211--252},
  year={2015},
  publisher={Springer}
}

@misc{url/GASS,
	title = {Graph-Based Vector Similarity Search: An Experimental Evaluation of the State-of-the-Art (Archive)},
	howpublished = {\url{https://github.com/zeraph6/GASS}},
	year = {2023},
}
@article{new-jersey-report,
	title={The New Jersey Data Reduction Report},
	author={Hellerstein, Joseph M and Ioannidis, Yannis and Jagadish, HV and Johnson, Theodore and Ng, Raymond and Poosala, Viswanath and Ross, Kenneth A and Sevcik, Kenneth C},
	journal={Bulletin of the IEEE Computer Society Technical Committee on Data Engineering},
	volume={20},
	number={4},
	year={1997}
}

@inproceedings{learned-adaptive-ann,
	title={Improving approximate nearest neighbor search through learned adaptive early termination},
	author={Li, Conglong and Zhang, Minjia and Andersen, David G and He, Yuxiong},
	booktitle={Proceedings of the 2020 ACM SIGMOD International Conference on Management of Data},
	year={2020}
}

@misc{url/power-law,
	author = {{Python API}},
	title = {{openmc.stats.PowerLaw}},
	howpublished = {\url{https://docs.openmc.org/en/stable/pythonapi/generated/openmc.stats.PowerLaw.html}},
	year = {2022},
}

@article{retrieval-diffusion-models,
	title={Retrieval-augmented diffusion models},
	author={Blattmann, Andreas and Rombach, Robin and Oktay, Kaan and M{\"u}ller, Jonas and Ommer, Bj{\"o}rn},
	journal={Advances in Neural Information Processing Systems},
	volume={35},
	pages={15309--15324},
	year={2022}
}

@article{dense-passage-retrieval,
	title={Dense passage retrieval for open-domain question answering},
	author={Karpukhin, Vladimir and O{\u{g}}uz, Barlas and Min, Sewon and Lewis, Patrick and Wu, Ledell and Edunov, Sergey and Chen, Danqi and Yih, Wen-tau},
	journal={arXiv preprint arXiv:2004.04906},
	year={2020}
}

@article{seq2seq,
	title={Pre-training via paraphrasing},
	author={Lewis, Mike and Ghazvininejad, Marjan and Ghosh, Gargi and Aghajanyan, Armen and Wang, Sida and Zettlemoyer, Luke},
	journal={Advances in Neural Information Processing Systems},
	volume={33},
	pages={18470--18481},
	year={2020}
}

@article{rag-nlp,
	title={Retrieval-augmented generation for knowledge-intensive nlp tasks},
	author={Lewis, Patrick and Perez, Ethan and Piktus, Aleksandra and Petroni, Fabio and Karpukhin, Vladimir and Goyal, Naman and K{\"u}ttler, Heinrich and Lewis, Mike and Yih, Wen-tau and Rockt{\"a}schel, Tim and others},
	journal={Advances in Neural Information Processing Systems},
	volume={33},
	pages={9459--9474},
	year={2020}
}

@article{lsh-survey,
  title={A survey on locality sensitive hashing algorithms and their applications},
  author={Jafari, Omid and Maurya, Preeti and Nagarkar, Parth and Islam, Khandker Mushfiqul and Crushev, Chidambaram},
  journal={arXiv preprint arXiv:2102.08942},
  year={2021}
}
@book{edelsbrunner87,
author = {Edelsbrunner, Herbert},
title = {Algorithms in Combinatorial Geometry},
year = {2012},
isbn = {3642648738},
publisher = {Springer Publishing Company, Incorporated},
edition = {1st},
abstract = {This book offers a modern approach to computational geo- metry, an area thatstudies the computational complexity of geometric problems. Combinatorial investigations play an important role in this study.}
}

@article{mipsg,
  title={Non-metric similarity graphs for maximum inner product search},
  author={Morozov, Stanislav and Babenko, Artem},
  journal={Advances in Neural Information Processing Systems},
  volume={31},
  year={2018}
}
@incollection{schvaneveldt1989network,
  title={Network structures in proximity data},
  author={Schvaneveldt, Roger W and Durso, Francis T and Dearholt, Donald W},
  booktitle={Psychology of learning and motivation},
  volume={24},
  pages={249--284},
  year={1989},
  publisher={Elsevier}
}

@inproceedings{fanng,
  title={Fanng: Fast approximate nearest neighbour graphs},
  author={Harwood, Ben and Drummond, Tom},
  booktitle={Proceedings of the IEEE Conference on Computer Vision and Pattern Recognition},
  pages={5713--5722},
  year={2016}
}
@article{rc,
  title={On the difficulty of nearest neighbor search},
  author={He, Junfeng and Kumar, Sanjiv and Chang, Shih-Fu},
  journal={arXiv preprint arXiv:1206.6411},
  year={2012}
}

@inproceedings{lid15,
  title={Estimating local intrinsic dimensionality},
  author={Amsaleg, Laurent and Chelly, Oussama and Furon, Teddy and Girard, St{\'e}phane and Houle, Michael E and Kawarabayashi, Ken-ichi and Nett, Michael},
  booktitle={Proceedings of the 21th ACM SIGKDD International Conference on Knowledge Discovery and Data Mining},
  pages={29--38},
  year={2015}
}

@misc{dpgrepo,
    author       = {DBAIWangGroup},
    title        = {NNS Benchmark: Evaluating Approximate Nearest Neighbor Search Algorithms in High Dimensional Euclidean Space - DPG Algorithm},
    year         = {2023},
    note         = {GitHub repository},
    howpublished = {\url{https://github.com/DBAIWangGroup/nns_benchmark/tree/master/algorithms/DPG}},
    urldate      = {2023-10-31}
}
