@article{rag0,
  title={Retrieval-augmented generation for knowledge-intensive nlp tasks},
  author={Lewis, Patrick and Perez, Ethan and Piktus, Aleksandra and Petroni, Fabio and Karpukhin, Vladimir and Goyal, Naman and K{\"u}ttler, Heinrich and Lewis, Mike and Yih, Wen-tau and Rockt{\"a}schel, Tim and others},
  journal={Advances in Neural Information Processing Systems},
  volume={33},
  pages={9459--9474},
  year={2020}
}

@article{rag1,
  title={Blended RAG: Improving RAG (Retriever-Augmented Generation) Accuracy with Semantic Search and Hybrid Query-Based Retrievers},
  author={Sawarkar, Kunal and Mangal, Abhilasha and Solanki, Shivam Raj},
  journal={arXiv preprint arXiv:2404.07220},
  year={2024}
}
@article{rag2,
  title={Retrieval-augmented generation for ai-generated content: A survey},
  author={Zhao, Penghao and Zhang, Hailin and Yu, Qinhan and Wang, Zhengren and Geng, Yunteng and Fu, Fangcheng and Yang, Ling and Zhang, Wentao and Cui, Bin},
  journal={arXiv preprint arXiv:2402.19473},
  year={2024}
}
@article{finance1,
  title={Forecasting histogram time series with k-nearest neighbours methods},
  author={Arroyo, Javier and Mat{\'e}, Carlos},
  journal={International Journal of Forecasting},
  volume={25},
  number={1},
  pages={192--207},
  year={2009},
  publisher={Elsevier}
}
@article{finance2,
  title={Financial time series forecasting using k-nearest neighbors classification},
  author={Maggini, M and Giles, C and Horne, B},
  journal={Nonlinear Financial Forecasting: Proceedings of the First INFFC},
  pages={169--181},
  year={1997},
  publisher={Citeseer}
}
@article{cv1,
  title={Adaptive approximate nearest neighbor search for fractal image compression},
  author={Tong, Chong Sze and Wong, Man},
  journal={IEEE Transactions on Image Processing},
  volume={11},
  number={6},
  pages={605--615},
  year={2002},
  publisher={IEEE}
}
@article{cv2,
  title={Maximum-likelihood approximate nearest neighbor method in real-time image recognition},
  author={Savchenko, Andrey V},
  journal={Pattern Recognition},
  volume={61},
  pages={459--469},
  year={2017},
  publisher={Elsevier}
}

@article{biof1,
  title={A novel local manifold-ranking based K-NN for modeling the regression between bioactivity and molecular descriptors},
  author={Shen, Liang and Cao, Dongsheng and Xu, Qingsong and Huang, Xin and Xiao, Nan and Liang, Yizeng},
  journal={Chemometrics and Intelligent Laboratory Systems},
  volume={151},
  pages={71--77},
  year={2016},
  publisher={Elsevier}
}
@article{biof2,
  title={K-nearest neighbor based locally connected network for fast morphological reconstruction in fluorescence molecular tomography},
  author={Meng, Hui and Gao, Yuan and Yang, Xin and Wang, Kun and Tian, Jie},
  journal={IEEE transactions on medical imaging},
  volume={39},
  number={10},
  pages={3019--3028},
  year={2020},
  publisher={IEEE}
}

@article{medcine1,
  title={Automatic medical image classification and abnormality detection using k-nearest neighbour},
  author={Ramteke, RJ and Monali, Khachane Y},
  journal={International Journal of Advanced Computer Research},
  volume={2},
  number={4},
  pages={190},
  year={2012},
  publisher={Citeseer}
}
@article{medicin2,
  title={A hybrid filter-wrapper feature selection using Fuzzy KNN based on Bonferroni mean for medical datasets classification: A COVID-19 case study},
  author={Vommi, Amukta Malyada and Battula, Tirumala Krishna},
  journal={Expert Systems with Applications},
  volume={218},
  pages={119612},
  year={2023},
  publisher={Elsevier}
}
@article{cyb2,
  title={An improved intrusion detection system based on KNN hyperparameter tuning and cross-validation},
  author={Wazirali, Raniyah},
  journal={Arabian Journal for Science and Engineering},
  volume={45},
  number={12},
  pages={10859--10873},
  year={2020},
  publisher={Springer}
}
@inproceedings{classification,
  title={KNN model-based approach in classification},
  author={Guo, Gongde and Wang, Hui and Bell, David and Bi, Yaxin and Greer, Kieran},
  booktitle={On The Move to Meaningful Internet Systems 2003: CoopIS, DOA, and ODBASE: OTM Confederated International Conferences, CoopIS, DOA, and ODBASE 2003, Catania, Sicily, Italy, November 3-7, 2003. Proceedings},
  pages={986--996},
  year={2003},
  organization={Springer}
}
@inproceedings{rag3,
  title={The power of noise: Redefining retrieval for rag systems},
  author={Cuconasu, Florin and Trappolini, Giovanni and Siciliano, Federico and Filice, Simone and Campagnano, Cesare and Maarek, Yoelle and Tonellotto, Nicola and Silvestri, Fabrizio},
  booktitle={Proceedings of the 47th International ACM SIGIR Conference on Research and Development in Information Retrieval},
  pages={719--729},
  year={2024}
}
@article{euclid,
  title={Euclidean distance mapping},
  author={Danielsson, Per-Erik},
  journal={Computer Graphics and image processing},
  volume={14},
  number={3},
  pages={227--248},
  year={1980},
  publisher={Elsevier}
}
@article{vector,
  title={What is a vector?},
  author={Wilson, Anthony James and Morgan, Eric Ren{\'e} and Booth, Mark and Norman, Rachel and Perkins, Sarah Elizabeth and Hauffe, Heidi Christine and Mideo, Nicole and Antonovics, Janis and McCallum, Hamish and Fenton, Andy},
  journal={Philosophical Transactions of the Royal Society B: Biological Sciences},
  volume={372},
  number={1719},
  pages={20160085},
  year={2017},
  publisher={The Royal Society}
}

@article{cnn,
  title={CNN variants for computer vision: History, architecture, application, challenges and future scope},
  author={Bhatt, Dulari and Patel, Chirag and Talsania, Hardik and Patel, Jigar and Vaghela, Rasmika and Pandya, Sharnil and Modi, Kirit and Ghayvat, Hemant},
  journal={Electronics},
  volume={10},
  number={20},
  pages={2470},
  year={2021},
  publisher={MDPI}
}
@article{cnn1,
  title={Efficient extraction of deep image features using convolutional neural network (CNN) for applications in detecting and analysing complex food matrices},
  author={Liu, Yao and Pu, Hongbin and Sun, Da-Wen},
  journal={Trends in Food Science \& Technology},
  volume={113},
  pages={193--204},
  year={2021},
  publisher={Elsevier}
}
@article{rnn,
  title={Fundamentals of recurrent neural network (RNN) and long short-term memory (LSTM) network},
  author={Sherstinsky, Alex},
  journal={Physica D: Nonlinear Phenomena},
  volume={404},
  pages={132306},
  year={2020},
  publisher={Elsevier}
}
@inproceedings{rnn1,
  title={Research progress of RNN language model},
  author={Xiao, Jianqiong and Zhou, Zhiyong},
  booktitle={2020 ieee international conference on artificial intelligence and computer applications (icaica)},
  pages={1285--1288},
  year={2020},
  organization={IEEE}
}
@article{gnn,
  title={The graph neural network model},
  author={Scarselli, Franco and Gori, Marco and Tsoi, Ah Chung and Hagenbuchner, Markus and Monfardini, Gabriele},
  journal={IEEE transactions on neural networks},
  volume={20},
  number={1},
  pages={61--80},
  year={2008},
  publisher={IEEE}
}
@article{gnn1,
  title={Graph neural network for traffic forecasting: A survey},
  author={Jiang, Weiwei and Luo, Jiayun},
  journal={Expert systems with applications},
  volume={207},
  pages={117921},
  year={2022},
  publisher={Elsevier}
}
@article{transf,
  title={A survey of transformers},
  author={Lin, Tianyang and Wang, Yuxin and Liu, Xiangyang and Qiu, Xipeng},
  journal={AI open},
  volume={3},
  pages={111--132},
  year={2022},
  publisher={Elsevier}
}
@article{transf1,
  title={Improve transformer models with better relative position embeddings},
  author={Huang, Zhiheng and Liang, Davis and Xu, Peng and Xiang, Bing},
  journal={arXiv preprint arXiv:2009.13658},
  year={2020}
}
@article{transf2,
  title={Transformers in time series: A survey},
  author={Wen, Qingsong and Zhou, Tian and Zhang, Chaoli and Chen, Weiqi and Ma, Ziqing and Yan, Junchi and Sun, Liang},
  journal={arXiv preprint arXiv:2202.07125},
  year={2022}
}
@article{transf3,
  title={Small transformers compute universal metric embeddings},
  author={Kratsios, Anastasis and Debarnot, Valentin and Dokmani{\'c}, Ivan},
  journal={Journal of Machine Learning Research},
  volume={24},
  number={170},
  pages={1--48},
  year={2023}
}


@article{lemb,
  title={A deep-learned embedding technique for categorical features encoding},
  author={Dahouda, Mwamba Kasongo and Joe, Inwhee},
  journal={IEEE Access},
  volume={9},
  pages={114381--114391},
  year={2021},
  publisher={IEEE}
}

@inproceedings{lemb1,
  title={Rethinking few-shot image classification: a good embedding is all you need?},
  author={Tian, Yonglong and Wang, Yue and Krishnan, Dilip and Tenenbaum, Joshua B and Isola, Phillip},
  booktitle={Computer Vision--ECCV 2020: 16th European Conference, Glasgow, UK, August 23--28, 2020, Proceedings, Part XIV 16},
  pages={266--282},
  year={2020},
  organization={Springer}
}
@inproceedings{sift,
  title={Fast approximated SIFT},
  author={Grabner, Michael and Grabner, Helmut and Bischof, Horst},
  booktitle={Computer Vision--ACCV 2006: 7th Asian Conference on Computer Vision, Hyderabad, India, January 13-16, 2006. Proceedings, Part I 7},
  pages={918--927},
  year={2006},
  organization={Springer}
}
@article{sift1,
  title={A Comparative Study of SIFT and its Variants},
  author={Wu, Jian and Cui, Zhiming and Sheng, Victor S and Zhao, Pengpeng and Su, Dongliang and Gong, Shengrong},
  journal={Measurement science review},
  volume={13},
  number={3},
  pages={122--131},
  year={2013}
}
@article{hog,
  title={A performance evaluation of gradient field hog descriptor for sketch based image retrieval},
  author={Hu, Rui and Collomosse, John},
  journal={Computer Vision and Image Understanding},
  volume={117},
  number={7},
  pages={790--806},
  year={2013},
  publisher={Elsevier}
}

@article{surf,
  title={Surf: Speeded up robust features},
  author={Bay, Herbert},
  journal={Computer Visionâ€”ECCV},
  year={2006}
}
@article{cnn2,
  title={CNN-based adversarial embedding for image steganography},
  author={Tang, Weixuan and Li, Bin and Tan, Shunquan and Barni, Mauro and Huang, Jiwu},
  journal={IEEE Transactions on Information Forensics and Security},
  volume={14},
  number={8},
  pages={2074--2087},
  year={2019},
  publisher={IEEE}
}

@article{cambria2014jumping,
  title={Jumping NLP curves: A review of natural language processing research},
  author={Cambria, Erik and White, Bebo},
  journal={IEEE Computational intelligence magazine},
  volume={9},
  number={2},
  pages={48--57},
  year={2014},
  publisher={IEEE}
}
@book{Manning2008,
  title={Introduction to Information Retrieval},
  author={Manning, Christopher D. and Raghavan, Prabhakar and Sch\"utze, Hinrich},
  year={2008},
  publisher={Cambridge University Press},
  address={Cambridge, UK}
}

@inproceedings{Mikolov2013,
  title={Efficient Estimation of Word Representations in Vector Space},
  author={Mikolov, Tomas and Chen, Kai and Corrado, Greg and Dean, Jeffrey},
  booktitle={Proceedings of the International Conference on Learning Representations (ICLR) Workshop},
  year={2013}
}

@inproceedings{Pennington2014,
  title={GloVe: Global Vectors for Word Representation},
  author={Pennington, Jeffrey and Socher, Richard and Manning, Christopher D.},
  booktitle={Proceedings of the 2014 Conference on Empirical Methods in Natural Language Processing (EMNLP)},
  pages={1532--1543},
  year={2014},
  publisher={Association for Computational Linguistics},
  address={Doha, Qatar}
}

@inproceedings{Devlin2019,
  title={{BERT}: Pre-training of Deep Bidirectional Transformers for Language Understanding},
  author={Devlin, Jacob and Chang, Ming-Wei and Lee, Kenton and Toutanova, Kristina},
  booktitle={Proceedings of the 2019 Conference of the North American Chapter of the Association for Computational Linguistics (NAACL-HLT)},
  pages={4171--4186},
  year={2019},
  publisher={Association for Computational Linguistics},
  address={Minneapolis, Minnesota}
}

@article{Radford2018,
  title={Improving Language Understanding by Generative Pre-Training},
  author={Radford, Alec and Narasimhan, Karthik and Salimans, Tim and Sutskever, Ilya},
  journal={OpenAI},
  year={2018},
  note={Technical Report}
}
@article{Scarselli2009,
  title={The Graph Neural Network Model},
  author={Scarselli, Franco and Gori, Marco and Tsoi, Ah Chung and Hagenbuchner, Markus and Monfardini, Gabriele},
  journal={IEEE Transactions on Neural Networks},
  volume={20},
  number={1},
  pages={61--80},
  year={2009},
  publisher={IEEE}
}

@inproceedings{Kipf2017,
  title={Semi-Supervised Classification with Graph Convolutional Networks},
  author={Kipf, Thomas N. and Welling, Max},
  booktitle={Proceedings of the International Conference on Learning Representations (ICLR)},
  year={2017}
}

@inproceedings{Hamilton2017,
  title={Inductive Representation Learning on Large Graphs},
  author={Hamilton, William L. and Ying, Zhitao and Leskovec, Jure},
  booktitle={Advances in Neural Information Processing Systems},
  volume={30},
  pages={1024--1034},
  year={2017}
}

@article{Lowe2004,
  title={Distinctive Image Features from Scale-Invariant Keypoints},
  author={Lowe, David G.},
  journal={International Journal of Computer Vision},
  volume={60},
  number={2},
  pages={91--110},
  year={2004},
  publisher={Springer}
}

@inproceedings{Dalal2005,
  title={Histograms of Oriented Gradients for Human Detection},
  author={Dalal, Navneet and Triggs, Bill},
  booktitle={Proceedings of the IEEE Conference on Computer Vision and Pattern Recognition (CVPR)},
  pages={886--893},
  year={2005},
  organization={IEEE}
}

@inproceedings{Krizhevsky2012,
  title={ImageNet Classification with Deep Convolutional Neural Networks},
  author={Krizhevsky, Alex and Sutskever, Ilya and Hinton, Geoffrey E.},
  booktitle={Advances in Neural Information Processing Systems},
  volume={25},
  pages={1097--1105},
  year={2012}
}

@inproceedings{Mikolov2013a,
  title={Distributed Representations of Words and Phrases and their Compositionality},
  author={Mikolov, Tomas and Sutskever, Ilya and Chen, Kai and Corrado, Greg S. and Dean, Jeffrey},
  booktitle={Advances in Neural Information Processing Systems},
  volume={26},
  pages={3111--3119},
  year={2013}
}

@inproceedings{Ngiam2011,
  title={Multimodal Deep Learning},
  author={Ngiam, Jiquan and Khosla, Aditya and Kim, Mingyu and Nam, Juhan and Lee, Honglak and Ng, Andrew Y.},
  booktitle={Proceedings of the 28th International Conference on Machine Learning (ICML)},
  pages={689--696},
  year={2011}
}

@article{Radford2021,
  title={Learning Transferable Visual Models from Natural Language Supervision},
  author={Radford, Alec and Kim, Jong Wook and Hallacy, Chris and Ramesh, Aditya and Goh, Gabriel and Agarwal, Sandhini and Sastry, Girish and Askell, Amanda and Mishkin, Pamela and Clark, Jack and others},
  journal={arXiv preprint arXiv:2103.00020},
  year={2021}
}
@inproceedings{Lin2003,
  title={A Symbolic Representation of Time Series, with Implications for Streaming Algorithms},
  author={Lin, Jessica and Keogh, Eamonn and Lonardi, Stefano and Chiu, Bill},
  booktitle={Proceedings of the 8th ACM SIGMOD Workshop on Research Issues in Data Mining and Knowledge Discovery},
  pages={2--11},
  year={2003}
}

@article{Keogh2005,
  title={An Online Algorithm for Segmenting Time Series},
  author={Keogh, Eamonn and Lin, Jessica and Truppel, Walter},
  journal={Proceedings of the IEEE International Conference on Data Mining (ICDM)},
  pages={289--296},
  year={2005}
}

@inproceedings{Shieh2009,
  title={iSAX: Indexing and Mining Terabyte Sized Time Series},
  author={Shieh, Jessica and Keogh, Eamonn},
  booktitle={Proceedings of the 14th ACM SIGKDD International Conference on Knowledge Discovery and Data Mining},
  pages={623--631},
  year={2009}
}

@inproceedings{Faloutsos1994,
  title={Fast Subsequence Matching in Time-Series Databases},
  author={Faloutsos, Christos and Ranganathan, M. and Manolopoulos, Yannis},
  booktitle={Proceedings of the 1994 ACM SIGMOD International Conference on Management of Data},
  pages={419--429},
  year={1994}
}

@inproceedings{Keogh2002,
  title={Exact Indexing of Dynamic Time Warping},
  author={Keogh, Eamonn and Ratanamahatana, Chotirat Ann},
  booktitle={Proceedings of the 28th International Conference on Very Large Data Bases},
  pages={406--417},
  year={2002}
}
@article{Lowe2004,
  title={Distinctive Image Features from Scale-Invariant Keypoints},
  author={Lowe, David G.},
  journal={International Journal of Computer Vision},
  volume={60},
  number={2},
  pages={91--110},
  year={2004},
  publisher={Springer}
}

@inproceedings{Dalal2005,
  title={Histograms of Oriented Gradients for Human Detection},
  author={Dalal, Navneet and Triggs, Bill},
  booktitle={Proceedings of the IEEE Conference on Computer Vision and Pattern Recognition (CVPR)},
  pages={886--893},
  year={2005},
  organization={IEEE}
}

@inproceedings{Vaswani2017,
  title={Attention Is All You Need},
  author={Vaswani, Ashish and Shazeer, Noam and Parmar, Niki and Uszkoreit, Jakob and Jones, Llion and Gomez, Aidan N. and Kaiser, Lukasz and Polosukhin, Illia},
  booktitle={Advances in Neural Information Processing Systems},
  volume={30},
  pages={5998--6008},
  year={2017}
}

@article{LeCun1998,
  title={Gradient-Based Learning Applied to Document Recognition},
  author={LeCun, Yann and Bottou, L\'eon and Bengio, Yoshua and Haffner, Patrick},
  journal={Proceedings of the IEEE},
  volume={86},
  number={11},
  pages={2278--2324},
  year={1998}
}

@inproceedings{Krizhevsky2012,
  title={ImageNet Classification with Deep Convolutional Neural Networks},
  author={Krizhevsky, Alex and Sutskever, Ilya and Hinton, Geoffrey E.},
  booktitle={Advances in Neural Information Processing Systems},
  volume={25},
  pages={1097--1105},
  year={2012}
}
@inproceedings{Indyk1998,
  title={Approximate Nearest Neighbors: Towards Removing the Curse of Dimensionality},
  author={Indyk, Piotr and Motwani, Rajeev},
  booktitle={Proceedings of the Thirtieth Annual ACM Symposium on Theory of Computing (STOC)},
  pages={604--613},
  year={1998},
  organization={ACM}
}

@inproceedings{Datar2004,
  title={Locality-Sensitive Hashing Scheme Based on p-Stable Distributions},
  author={Datar, Mayur and Immorlica, Nicole and Indyk, Piotr and Mirrokni, Vahab S.},
  booktitle={Proceedings of the Twentieth Annual Symposium on Computational Geometry},
  pages={253--262},
  year={2004},
  organization={ACM}
}

@article{Arya1998,
  title={An Optimal Algorithm for Approximate Nearest Neighbor Searching Fixed Dimensions},
  author={Arya, Sunil and Mount, David M. and Netanyahu, Nathan S. and Silverman, Ruth and Wu, Angela Y.},
  journal={Journal of the ACM},
  volume={45},
  number={6},
  pages={891--923},
  year={1998},
  publisher={ACM}
}


@misc{dpgrepo,
    author       = {DBAIWangGroup},
    title        = {NNS Benchmark: Evaluating Approximate Nearest Neighbor Search Algorithms in High Dimensional Euclidean Space - DPG Algorithm},
    year         = {2023},
    note         = {GitHub repository},
    howpublished = {\url{https://github.com/DBAIWangGroup/nns_benchmark/tree/master/algorithms/DPG}},
    urldate      = {2023-10-31}
}
@inproceedings{bkmtree,
  title={Balanced k-means for clustering},
  author={Malinen, Mikko I and Fr{\"a}nti, Pasi},
  booktitle={Structural, Syntactic, and Statistical Pattern Recognition: Joint IAPR International Workshop, S+ SSPR 2014, Joensuu, Finland, August 20-22, 2014. Proceedings},
  pages={32--41},
  year={2014},
  organization={Springer}
}
@article{skiplist,
  title={Skip lists: a probabilistic alternative to balanced trees},
  author={Pugh, William},
  journal={Communications of the ACM},
  volume={33},
  number={6},
  pages={668--676},
  year={1990},
  publisher={ACM New York, NY, USA}
}
@article{hvs,
  title={HVS: hierarchical graph structure based on voronoi diagrams for solving approximate nearest neighbor search},
  author={Lu, Kejing and Kudo, Mineichi and Xiao, Chuan and Ishikawa, Yoshiharu},
  journal={Proceedings of the VLDB Endowment},
  volume={15},
  number={2},
  pages={246--258},
  year={2021},
  publisher={VLDB Endowment}
}
@inproceedings{ngtpanng1,
  title={Pruned bi-directed k-nearest neighbor graph for proximity search},
  author={Iwasaki, Masajiro},
  booktitle={International Conference on Similarity Search and Applications},
  pages={20--33},
  year={2016},
  organization={Springer}
}

@inproceedings{ngtpanng2,
  title={On approximately searching for similar word embeddings},
  author={Sugawara, Kohei and Kobayashi, Hayato and Iwasaki, Masajiro},
  booktitle={Proceedings of the 54th Annual Meeting of the Association for Computational Linguistics (Volume 1: Long Papers)},
  pages={2265--2275},
  year={2016}
}
@inproceedings{vptree,
  title={Data structures and algorithms for nearest neighbor search in general metric spaces},
  author={Yianilos, Peter N},
  booktitle={Soda},
  volume={93},
  number={194},
  pages={311--21},
  year={1993}
}
@misc{ngt_library,
  title = {NGT: Neighborhood Graph and Tree for High-dimensional Data},
  author = {{Yahoo Japan Corporation}},
  year = {2022},
  howpublished = {\url{https://github.com/yahoojapan/NGT}},
  note = {Accessed: 2024-10-20}
}
@article{gistdesc,
  title={Modeling the shape of the scene: A holistic representation of the spatial envelope},
  author={Oliva, Aude and Torralba, Antonio},
  journal={International journal of computer vision},
  volume={42},
  pages={145--175},
  year={2001},
  publisher={Springer}
}
@misc{url/data/text2image,
  title={Text-to-Image dataset for billion-scale similarity search},
  author={Baranchuk, Dmitry and Babenko, Artem},
  year={2021},
  howpublished={\url{https://research.yandex.com/datasets/text-to-image-dataset-for-billion-scale-similarity-search}}
}
@misc{hvsgithub,
  author = {Kejing Lu},
  title = {HVS: Hierarchical Graph Structure Based on Voronoi Diagrams for Solving Approximate Nearest Neighbor Search},
  url = {https://github.com/Kejing-Lu/hvs},
  accessed = {2024-10-24},
  year = {2023},
}
@inproceedings{jegou11,
  title={Product quantization for nearest neighbor search},
  author={J{\'e}gou, Herv{\'e} and Douze, Matthijs and Schmid, Cordelia},
  booktitle={IEEE Transactions on Pattern Analysis and Machine Intelligence},
  volume={33},
  number={1},
  pages={117--128},
  year={2011},
  publisher={IEEE}
}
@inproceedings{gist,
  title={Product quantization for nearest neighbor search},
  author={J{\'e}gou, Herv{\'e} and Douze, Matthijs and Schmid, Cordelia},
  booktitle={IEEE Transactions on Pattern Analysis and Machine Intelligence},
  volume={33},
  number={1},
  pages={117--128},
  year={2011},
  publisher={IEEE}
}
@inproceedings{lsb,
  title={Quality and efficiency in high dimensional nearest neighbor search},
  author={Tao, Yufei and Yi, Ke and Sheng, Cheng and Kalnis, Panos},
  booktitle={Proceedings of the 2009 ACM SIGMOD International Conference on Management of data},
  pages={563--576},
  year={2009}
}
@misc{diskanncode,
  author = {Croft, Daniel and Gupta, Manish and Josifovski, Vlad and Narayanan, Parikshit and Wu, Weitian and Xue, Yan},
  title = {DiskANN: Fast Approximate Nearest Neighbor Search on Disk},
  howpublished = {GitHub repository},
  url = {https://github.com/microsoft/DiskANN},
  year = {2021},
  note = {Accessed: 2024-10-25}
}
@misc{ngtcode,
  author = {Yarotsky, Dmitry},
  title = {Neighborhood Graph and Tree for Indexing High-dimensional Data},
  howpublished = {GitHub repository},
  url = {https://github.com/yahoojapan/NGT},
  year = {2019},
  note = {Accessed: 2024-10-25}
}
@misc{sptagcode,
  author = {Microsoft Research},
  title = {SPTAG: A Library for Fast Approximate Nearest Neighbor Search},
  howpublished = {GitHub repository},
  url = {https://github.com/microsoft/SPTAG},
  year = {2018},
  note = {Accessed: 2024-10-25}
}

@misc{nsgcode,
  author = {Fu, Miao and Cai, Huizhong and Fu, Zhiwei and Tang, Jie and Liu, Zhiyuan},
  title = {Efficient and Effective Approximate Nearest Neighbor Search},
  howpublished = {GitHub repository},
  url = {https://github.com/Yotta-Chen/NSG},
  year = {2019},
  note = {Accessed: 2024-10-25}
}
@misc{ssgcode,
  author = {Zhu, Yifan and Fu, Miao and Cai, Huizhong and Fu, Zhiwei and Tang, Jie and Liu, Zhiyuan},
  title = {Scalable Sparse Graphs for Efficient Approximate Nearest Neighbor Search},
  howpublished = {GitHub repository},
  url = {https://github.com/ZJULearning/SSG},
  year = {2020},
  note = {Accessed: 2024-10-25}
}
@inproceedings{parlayann,
  title={ParlayANN: Scalable and Deterministic Parallel Graph-Based Approximate Nearest Neighbor Search Algorithms},
  author={Manohar, Magdalen Dobson and Shen, Zheqi and Blelloch, Guy and Dhulipala, Laxman and Gu, Yan and Simhadri, Harsha Vardhan and Sun, Yihan},
  booktitle={Proceedings of the 29th ACM SIGPLAN Annual Symposium on Principles and Practice of Parallel Programming},
  pages={270--285},
  year={2024}
}
@misc{parlayanncode,
author = {The Parlayann Team},
title = {Parlayann: A deep learning library for parallel computation},
howpublished = {\url{https://github.com/parlayann/parlayann}},
year = {2023},
note = {Accessed: 2024-10-25}
}
@article{iazizi2024,
  title={Vector Search on Billion-Scale Data Collections},
  author={Azizi, Ilias},
  journal={Proceedings of the VLDB Endowment. ISSN},
  volume={2150},
  pages={8097}
}
@inproceedings{zhang2018visual,
  title={Visual search at alibaba},
  author={Zhang, Yanhao and Pan, Pan and Zheng, Yun and Zhao, Kang and Zhang, Yingya and Ren, Xiaofeng and Jin, Rong},
  booktitle={Proceedings of the 24th ACM SIGKDD international conference on knowledge discovery \& data mining},
  pages={993--1001},
  year={2018}
}
@article{spfresh,
  title={SPFresh: Incremental In-Place Update for Billion-Scale Vector Search},
  author={Yuming Xu and Hengyu Liang and Jin Li and Shuotao Xu and Qi Chen and Qianxi Zhang and Cheng Li and Ziyue Yang and Fan Yang and Yuqing Yang and Peng Cheng and Mao Yang},
  journal={arXiv preprint arXiv:2410.14452},
  year={2024}
}
@inproceedings{gass,
  title={Graph-Based Vector Search: An Experimental Evaluation of the State-of-the-Art},
  author={Azizi, Ilias and Echihabi, Karima and Palpanas, Themis},
  booktitle={Proceedings of the ACM on Management of Data},
  year={2025}
}
@article{speedann,
  title={Speed-ANN: Low-Latency and High-Accuracy Nearest Neighbor Search via Intra-Query Parallelism},
  author={Peng, Zhen and Zhang, Minjia and Li, Kai and Jin, Ruoming and Ren, Bin},
  journal={arXiv preprint arXiv:2201.13007},
  year={2022}
}
@inproceedings{leiserson2010work,
  title={A work-efficient parallel breadth-first search algorithm (or how to cope with the nondeterminism of reducers)},
  author={Leiserson, Charles E and Schardl, Tao B},
  booktitle={Proceedings of the twenty-second annual ACM symposium on Parallelism in algorithms and architectures},
  pages={303--314},
  year={2010}
}
